2080 2792
949 347 1279 394 wgow„

311 475 436 500 vocatur
448 475 476 499 et
498 475 540 500 est
561 471 688 499 maxime
707 470 804 504 fusca.
848 477 887 499 ex
901 469 949 500 his
962 469 1154 510 intellegitur
1167 479 1312 511 pressum
1331 470 1465 501 colorem
1487 479 1558 500 cum
1579 469 1617 500 iis
1639 478 1720 510 quac
1741 470 1933 510 praecedunt

310 528 431 556 caerulo
454 527 583 556 albidior
608 534 669 555 non
696 534 790 564 posse
820 525 984 566 coniungi,
1012 525 1070 556 sed
1097 525 1135 557 iis
1163 526 1288 567 opponi.
1334 525 1417 556 unde
1439 525 1595 566 profectus
1617 525 1764 557 Barthius
1786 528 1930 557 viridiore

308 584 442 620 pressior
463 579 662 611 scribendum
685 580 832 620 coniecit,
862 591 918 622 pro
940 591 1000 621 quo
1020 583 1110 612 viridi
1129 585 1264 621 pressior
1288 581 1487 612 scribendum
1508 580 1622 621 fuisse,
1652 581 1679 612 si
1700 581 1761 613 1100
1781 581 1932 614 voluisset

309 637 442 676 Plinius,
475 636 553 667 vidit
575 635 705 667 eortius.
749 646 849 676 neque
882 641 986 668 tamen
1018 637 1095 668 illud
1123 637 1226 678 ipsum
1253 638 1303 669 vel
1325 637 1409 677 quod
1431 636 1529 668 Solini
1551 637 1696 678 exemplo
1719 638 1932 669 commendari

308 696 430 733 poterat
453 695 542 723 viridi
562 695 727 731 repressior
748 693 897 734 scriptum
918 693 1014 724 fuisse
1037 693 1201 734 probabile
1230 696 1292 733 est,
1328 692 1400 733 sed,
1435 692 1468 723 id
1494 692 1578 732 quod
1605 702 1702 734 saepe
1732 693 1765 725 in
1787 694 1930 726 Mediceo

308 748 416 779 codice
439 749 554 779 factmn
577 751 639 787 cst,
671 748 826 780 excidisse
854 749 976 780 videtur
997 749 1227 790 comparativus
1250 752 1321 789 post
1342 751 1442 779 viridi.
1485 748 1603 779 nullum
1622 752 1728 780 autem
1750 750 1854 791 aptius
1876 760 1930 782 vo-

309 804 454 835 cabulum
475 804 604 835 inveniri
627 804 756 845 poterit,
787 814 880 844 quam
903 811 1056 842 austerus,
1091 805 1175 845 quod
1203 808 1234 836 et
1256 805 1287 835 in
1309 805 1465 835 coloribus
1488 804 1639 836 sollemne
1662 808 1724 845 cst,
1747 806 1825 837 Plin.
1849 816 1877 837 11.
1900 806 1930 837 h.

308 860 431 891 XXXV
452 860 487 899 6,
511 861 564 898 303
602 862 653 900 11,
678 860 752 899 134,
787 864 817 891 et
846 861 998 892 translata
1027 861 1068 892 ad
1097 861 1201 892 stilum
1232 860 1381 892 orationis
1409 860 1637 900 significatione
1666 871 1736 892 cum
1757 872 1786 893 v.
1805 872 1930 901 pressus

309 916 504 947 coniunctum
526 926 545 947 a
568 916 668 947 Plinio
691 926 738 957 ep.
761 916 791 947 II
815 917 868 956 19,
893 917 912 949 6
942 924 1063 948 austera
1090 923 1117 947 et
1140 927 1248 955 pressa
1271 920 1429 948 delectant.
1473 917 1671 948 scribendum
1694 917 1788 958 igitur
1811 921 1859 950 est
1879 928 1928 950 co-

308 975 354 1002 lor
376 976 513 1003 caeruleo
542 975 688 1010 albidior,
720 975 810 1003 viridi
838 977 987 1004 austerior
1016 979 1043 1004 et
1069 976 1212 1012 pressior.
1239 992 1280 996 —
1324 973 1437 1004 Veram
1468 973 1653 1014 scripturam
1674 974 1703 1004 A
1731 974 1868 1005 servavit
1897 974 1929 1005 in

307 1028 355 1059 his
378 1037 457 1068 quae
480 1031 647 1068 sequuntur
680 1029 708 1067 ξ.
732 1029 751 1060 5
779 1032 914 1060 innatant
936 1033 1049 1060 insulae
1071 1031 1217 1060 herbidae
1240 1039 1355 1066 omnes,
1382 1031 1552 1060 harundine
1574 1036 1602 1060 et
1622 1032 1711 1060 iunco
1738 1036 1846 1071 tectae,
1876 1031 1930 1062 ubi

307 1090 400 1115 teclae
421 1084 568 1115 omissum
591 1088 638 1115 est.
661 1084 692 1114 in
714 1084 754 1115 M.
798 1095 870 1116 nam
893 1095 993 1125 neque
1017 1095 1085 1116 cum
1110 1095 1138 1116 v.
1161 1087 1317 1118 herbidae.
1357 1084 1386 1116 h.
1411 1095 1438 1116 e.
1470 1085 1575 1117 herbis
1609 1086 1746 1126 obsitae,
1782 1086 1930 1127 coniungi

306 1144 436 1180 possunt
458 1140 601 1180 ablativi,
626 1143 656 1171 et
678 1144 762 1172 recte
784 1141 927 1172 dicuutur
948 1141 1069 1173 insulae
1092 1140 1266 1172 harundine
1289 1144 1319 1171 et
1341 1141 1432 1172 iunco
1454 1145 1565 1173 tectae.
1608 1152 1665 1182 pro
1687 1151 1747 1182 quo
1770 1142 1852 1182 quod
1869 1142 1928 1174 Ca-

306 1196 463 1227 saubonus
486 1195 683 1227 scribendum
706 1206 776 1227 esse
799 1197 930 1228 coniecit
954 1204 1054 1228 tea-tae
1076 1206 1115 1227 ne
1137 1200 1244 1237 aptum
1267 1196 1393 1236 quidem
1418 1197 1488 1228 huic
1509 1198 1578 1229 loco
1601 1201 1657 1229 est.
1700 1208 1774 1229 nam
1805 1208 1874 1230 cum
1895 1198 1928 1230 id

306 1256 414 1292 ageret
436 1252 567 1291 Plinius,
596 1255 629 1283 ut
660 1252 770 1283 miram
792 1258 935 1284 naturam
958 1253 1129 1284 insularum
1152 1252 1358 1293 describeret,
1387 1263 1448 1284 non
1472 1256 1595 1294 poterat
1617 1254 1707 1285 simul
1730 1254 1850 1294 origine
1872 1255 1928 1285 mi-

306 1308 402 1339 raculi
426 1308 581 1348 explicata
604 1308 666 1339 vim
688 1308 754 1339 eius
777 1312 807 1340 et
828 1310 1020 1350 voluptatem
1043 1309 1192 1340 minuere.

428 1364 471 1394 IX
494 1364 522 1403 2,
545 1364 564 1396 2
595 1367 696 1402 Neque
717 1368 791 1395 enim
814 1368 916 1396 eadem
939 1372 1044 1396 nostru
1067 1366 1209 1400 conditio,
1234 1375 1308 1402 quae
1331 1366 1372 1395 M.
1403 1367 1490 1403 Tulli,
1513 1368 1556 1396 ad
1577 1369 1662 1396 cuius
1685 1369 1848 1404 exemplum
1871 1376 1926 1397 nos

306 1430 406 1451 vocas.
451 1423 491 1450 illi
514 1423 588 1450 enim
610 1424 841 1459 copiosissimum
865 1425 1011 1459 itzqenium
1033 1429 1060 1453 et
1082 1424 1198 1458 inqento
1221 1431 1279 1458 qua
1304 1425 1435 1452 varietas
1464 1431 1562 1452 rerum
1585 1432 1645 1459 qua
1667 1425 1842 1460 maqniaeudo
1865 1425 1926 1453 lar-

304 1480 422 1514 pissime
449 1479 631 1515 suppetebat.
675 1477 718 1508 ita
740 1477 818 1508 haec
841 1481 871 1508 et
892 1488 911 1508 a
934 1478 1039 1509 Cortio
1060 1479 1250 1519 reliquisque
1272 1482 1343 1520 post
1372 1487 1443 1508 eum
1471 1477 1641 1509 editoribus
1669 1481 1700 1508 et
1728 1488 1748 1509 a
1773 1488 1824 1509 me
1853 1478 1927 1510 olim

305 1531 389 1562 edita
411 1536 480 1562 sunt
502 1542 540 1563 ex
562 1533 716 1564 sententia
738 1533 886 1564 (ἔτι-0110111
909 1534 1030 1565 observ.
1053 1535 1098 1566 III
1122 1536 1176 1575 12,
1199 1538 1367 1576 propterea
1387 1533 1470 1574 quod
1491 1533 1570 1564 haec
1592 1533 1746 1574 scriptura
1767 1534 1809 1565 ad
1829 1534 1923 1566 libro-

304 1598 370 1618 rum
394 1598 486 1618 manu
508 1588 690 1629 scriptorum
714 1589 879 1620 lectionem
901 1590 1042 1630 proxime
1065 1591 1204 1631 accedit,
1235 1593 1386 1629 inqem'um
1414 1596 1441 1620 et
1470 1593 1587 1627 inqenz’o
1617 1600 1694 1628 quae
1721 1593 1856 1621 uarietas
1877 1600 1923 1621 re-

304 1654 367 1673 rum
391 1654 466 1682 quae
487 1647 659 1681 magnitudo
675 1645 730 1685 D.,
765 1649 910 1683 inqenium
941 1656 1001 1684 qua
1023 1651 1155 1678 uarietas
1177 1658 1276 1678 rerum
1298 1657 1359 1685 qua
1382 1648 1555 1683 maynitudo
1577 1645 1618 1676 M.
1662 1645 1774 1677 eadem
1795 1656 1923 1686 prorsus

305 1709 382 1739 quae
413 1710 506 1740 supra
535 1700 651 1741 scripta
687 1705 757 1732 sunt
787 1711 826 1732 ex
853 1702 932 1733 libro
960 1713 1053 1734 manu
1081 1704 1196 1744 scripto
1225 1703 1351 1744 protulit
1374 1702 1498 1733 Modius
1519 1705 1643 1732 novant.
1666 1702 1736 1733 lect.
1759 1702 1798 1734 91
1822 1702 1923 1744 (Grut.

304 1755 396 1795 lamp.
420 1766 447 1786 v.
471 1756 496 1787 V
519 1766 547 1796 p.
572 1756 655 1790 242³.
700 1757 731 1788 in
753 1768 812 1797 quo
835 1758 861 1789 si
884 1763 966 1789 recte
990 1759 1041 1790 ille
1065 1759 1180 1790 codicis
1204 1759 1252 1790 sui
1274 1759 1461 1800 scripturam
1483 1757 1647 1798 indicavit,
1678 1769 1737 1796 qua
1763 1768 1820 1799 pro
1848 1769 1924 1796 quae

304 1811 480 1842 coniectura
508 1812 679 1843 restitutum
708 1818 763 1844 est.
814 1824 886 1845 nam
915 1815 1084 1847 auctoritas
1112 1816 1255 1847 codicum
1286 1815 1419 1846 duorum
1427 1839 1435 1854 ‚
1469 1813 1581 1854 quibus
1610 1814 1733 1845 Modius
1763 1824 1837 1845 usus
1866 1818 1923 1855 est,

304 1877 364 1897 nou
386 1868 485 1898 maior
508 1872 555 1899 est
578 1878 670 1908 quam
691 1869 878 1909 reliquorum
901 1871 1042 1902 codicum
1063 1872 1250 1903 Italicorum.
1296 1871 1354 1902 sed
1376 1871 1442 1902 veri
1464 1869 1582 1910 aliquid
1610 1870 1687 1901 latet
1709 1871 1741 1901 in
1770 1870 1925 1911 scriptura

304 1923 436 1954 Aldinae
466 1923 609 1955 editionis
648 1927 789 1965 quamvis
818 1926 1021 1967 interpolata,
1053 1931 1200 1965 inqenium
1231 1935 1258 1958 et
1285 1938 1346 1966 par
1367 1929 1488 1965 inqenio
1509 1930 1635 1957 materia
1657 1932 1769 1964 quanta
1791 1929 1924 1957 varietas

304 1990 400 2009 rerum
425 1991 511 2017 quam
533 1984 715 2019 maynitudo.
759 1982 891 2023 primum
913 1984 995 2013 enim
1012 1994 1076 2022 par
1102 1983 1290 2014 adiectivum
1312 1984 1344 2014 in
1365 1983 1421 2014 tali
1443 1982 1598 2014 sententia
1619 1986 1684 2013 tam
1705 1982 1853 2013 usitatum
1875 1985 1923 2014 est

304 2034 419 2073 Plinio,
451 2040 483 2066 ut
507 2036 563 2067 hoc
586 2037 654 2068 loco
675 2038 714 2069 ab
737 2038 817 2069 Aldo
840 2039 980 2070 additum
1005 2049 1074 2070 esse
1097 2050 1192 2079 aegre
1215 2040 1290 2070 mihi
1313 2039 1537 2081 persuadeam:
1560 2038 1598 2069 cf.
1621 2048 1670 2079 ep.
1692 2038 1708 2068 I
1730 2038 1784 2078 10,
1807 2039 1841 2077 73
1871 2038 1920 2079 12,

304 2090 388 2127 8311
412 2093 444 2130 1,
469 2093 504 2127 4;
527 2093 562 2131 9,
584 2094 618 2131 43
642 2094 688 2124 II]
709 2095 744 2133 ὓ,
768 2097 800 2132 33
825 2096 872 2134 11³,
895 2095 931 2133 33
954 2095 997 2126 IV
1018 2095 1047 2135 3,
1070 2096 1106 2134 23
1128 2096 1157 2135 6,
1182 2096 1424 2135 13V1131,2.
1455 2095 1502 2125 IX
1526 2095 1581 2135 13,
1603 2094 1637 2132 3;
1659 2104 1732 2135 pan.
1755 2094 1796 2127 26
1817 2097 1848 2125 et
1870 2094 1920 2127 34.

305 2145 443 2177 dativum
458 2158 563 2179 casum
587 2154 699 2189 autem,
723 2160 813 2189 quem
835 2151 962 2190 reliquis
984 2151 1061 2182 locis
1076 2152 1194 2183 Plinius
1217 2152 1330 2191 omisit,
1353 2151 1413 2183 hoc
1434 2151 1502 2182 loco
1525 2154 1556 2181 et
1577 2149 1727 2182 acuminis
1750 2149 1921 2190 quaerendi

304 2211 399 2233 causa
421 2207 450 2234 et
472 2207 597 2244 propter
617 2205 746 2236 formam
769 2207 917 2238 orationis
940 2207 1104 2248 bipertitae
1127 2208 1251 2239 adiecit.
1295 2207 1409 2239 deinde
1442 2207 1474 2238 in
1497 2206 1644 2238 Gronovii
1673 2205 1827 2246 scriptura
1850 2215 1920 2237 cum

303 2257 363 2288 duo
385 2258 481 2290 dativi
505 2263 545 2290 illi
567 2264 597 2291 et
619 2264 736 2299 ingenio
759 2262 799 2293 ad
822 2263 950 2294 verbum
972 2267 1146 2302 suppetebat
1168 2264 1350 2304 referantur,
1373 2264 1439 2294 iure
1462 2263 1591 2294 offendit
1611 2261 1919 2303 pronomeninprin-

303 2313 383 2354 cipio
405 2316 575 2347 sentcntiae
607 2317 749 2357 positum.
794 2319 851 2349 sed
879 2319 962 2359 quod
989 2324 1155 2360 praeterea
1177 2320 1275 2351 Aldus
1305 2320 1420 2351 adiecit
1453 2322 1594 2356 materia,
1624 2317 1760 2349 alienum
1792 2318 1833 2349 ab
1859 2317 1920 2350 1100

302 2369 370 2400 1000
393 2380 462 2401 esse
484 2372 622 2412 adparet,
647 2373 799 2413 siquidem
814 2375 890 2405 illud
902 2375 1004 2416 ipsum
1021 2376 1195 2407 accuratius
1212 2376 1328 2407 dictum
1349 2380 1398 2407 est
1420 2376 1458 2407 iis
1480 2385 1560 2415 quae
1582 2378 1760 2414 sequuntur,
1784 2384 1844 2412 qua
1866 2384 1918 2404 va—
