2080 2792
824 335 1147 380 ..mglw
1686 366 1703 376 ,

174 459 266 486 rietas
279 465 377 486 rerum
395 465 455 493 qua
473 455 656 493 magnitudo,
680 457 710 485 et
723 455 807 486 haud
825 455 919 487 dubie
932 456 973 487 ab
985 456 1112 497 editore,
1136 456 1188 497 qui
1210 456 1285 497 quid
1307 456 1386 487 haec
1408 455 1468 486 sibi
1490 455 1606 486 vellent
1626 464 1688 486 non
1708 454 1797 486 intel—

175 512 311 552 legeret,
348 510 415 542 sine
437 511 621 542 auctoritate
644 510 761 542 codicis
784 511 925 542 additum
948 516 1004 543 est.
1048 522 1143 553 quare
1165 515 1250 544 reete
1271 512 1435 543 Nicolaum
1457 511 1620 542 Heinsium
1641 511 1673 541 in
1696 510 1798 542 Valer.

175 567 278 598 Flacc.
302 566 328 597 V
350 566 390 598 85
414 567 586 597 coniecisse
607 570 682 607 puto
704 570 746 597 illi
767 571 841 598 enim
864 574 891 598 et
912 571 1143 607 copiosissimum
1166 571 1316 607 ingenium
1339 573 1366 598 el
1382 578 1444 607 par
1476 569 1593 606 inqenio
1622 577 1681 604 qua
1704 569 1798 597 varie-

175 629 221 654 tas
242 633 342 653 rerum
364 633 423 660 qua
445 625 617 660 maqnitudo
641 626 806 661 larqisslme
827 626 1009 662 suppetebat.

297 678 344 709 IX
366 679 415 717 13,
433 678 452 710 9
474 681 638 709 Novissime
660 682 772 716 consul,
796 681 962 717 „Secunde‚
984 683 1144 711 sententiae
1165 683 1230 711 loco
1254 682 1342 718 dices,
1365 681 1467 718 siquid
1488 681 1646 709 volueris“.
1669 682 1798 716 „permi-

176 737 271 766 seris“
302 738 422 772 inquam
450 737 552 773 „quod
572 744 666 772 usque
688 737 789 766 adhuc
812 738 946 766 omnibus
960 737 1155 775 permisisti“.
1199 739 1315 775 resido,
1343 740 1474 774 aquntur
1496 738 1566 765 alia.
1610 737 1716 766 narrat
1737 734 1798 765 Pli-

174 791 244 822 nius
265 800 344 831 quae
369 794 440 821 acta
461 790 523 821 sint
543 790 574 821 in
598 794 722 831 senatu,
746 801 815 822 oum
838 791 906 832 ipse
928 792 1159 824 accusationem
1182 792 1313 823 Publicii
1337 791 1421 823 Certi
1443 790 1622 831 postularet.
1666 790 1799 831 primum

174 847 257 878 enim
280 847 328 878 ius
351 846 475 877 dicendi
499 850 589 877 extra
610 846 750 877 ordinem
772 857 792 878 a
814 847 940 879 consule
962 848 1192 888 impetraverat.
1236 847 1350 879 deinde
1378 857 1448 878 cum
1476 846 1580 877 multis
1602 846 1799 877 reclamanti-

174 903 232 934 bus
261 902 377 934 crimen
408 902 579 942 attigisset,
613 903 720 934 consul
749 912 820 934 eum
848 913 913 934 rem
943 903 982 935 de
1012 914 1073 944 qua
1100 904 1205 935 dicere
1234 906 1382 944 coeperat
1409 903 1551 934 omittere
1573 905 1605 933 et
1626 902 1799 934 sententiae

175 959 244 990 loco
266 958 370 990 dicere
392 968 472 998 quae
495 958 589 990 vellet
610 959 709 990 iussit.
754 959 803 990 cui
826 959 1044 1000 obtemperans
1068 960 1120 991 ille
1143 959 1267 1000 residit,
1305 959 1369 990 alia
1398 962 1548 999 aguntum
1588 961 1700 999 postea
1727 967 1797 989 cen-

174 1014 262 1046 sendi
299 1018 437 1055 tempore
467 1024 537 1045 cum
567 1015 636 1055 ipse
660 1015 845 1046 sententiam
874 1019 1000 1056 rogatus
1031 1020 1131 1056 esset,
1166 1025 1231 1047 rem
1262 1019 1355 1046 antea
1383 1015 1530 1046 omissam
1553 1014 1691 1055 suscipit.
1735 1015 1798 1045 iam

174 1080 255 1111 quae
277 1070 337 1102 hoc
358 1071 425 1102 loeo
448 1080 482 1102 se
505 1071 707 1111 respondisse
729 1071 847 1102 consuli
869 1075 989 1112 narrat,
1024 1075 1197 1111 permiseris
1225 1074 1306 1110 quod
1335 1082 1426 1109 usque
1454 1073 1553 1101 adhuc
1575 1073 1710 1101 omnibus
1728 1081 1796 1109 per—

176 1130 297 1165 misisti,
326 1136 514 1167 quamquam
542 1126 666 1158 diverso
695 1128 787 1159 modo
815 1128 855 1158 ab
884 1127 1103 1168 interpretibus
1133 1128 1291 1169 explicata
1319 1130 1406 1167 sunt,
1434 1130 1553 1167 tamen,
1585 1126 1631 1157 sic
1659 1130 1691 1157 ut
1717 1136 1798 1158 nunc

175 1183 292 1224 scripta
314 1182 469 1223 feruntur,
500 1183 589 1214 aliter
611 1183 735 1214 omnino
759 1183 899 1224 intellegi
921 1187 1078 1224 nequeunt
1100 1184 1160 1214 nisi
1182 1184 1242 1224 ita,
1266 1187 1299 1214 ut
1320 1186 1385 1214 tum
1408 1182 1552 1222 quidem,
1582 1192 1653 1213 cum
1675 1186 1797 1214 senten-

176 1239 239 1270 tiae
262 1239 330 1270 loco
354 1238 491 1270 dicturus
515 1239 563 1279 sit,
586 1239 670 1270 idem
693 1239 752 1271 sibi
769 1240 954 1280 permissum
972 1240 1009 1271 iri
1029 1240 1123 1280 dieat,
1146 1240 1229 1280 quod
1251 1239 1353 1271 adhuc
1376 1239 1517 1270 omnibus
1540 1249 1560 1270 a
1582 1239 1708 1270 consule
1729 1248 1798 1280 per-

173 1295 303 1326 missum
340 1294 388 1326 sit.
440 1295 525 1335 atqui
553 1295 629 1326 illud
656 1296 722 1326 iure
752 1296 907 1327 senatorio
937 1296 1037 1337 licuit,
1077 1306 1139 1328 non
1168 1296 1322 1337 permissu
1355 1295 1500 1327 consulis.
1544 1305 1640 1335 quare
1667 1295 1751 1335 quod
1778 1305 1799 1327 a

175 1351 302 1382 consule
324 1351 511 1392 permissum
535 1361 604 1382 esse
628 1351 736 1382 scribit
757 1351 892 1392 Plinius,
926 1362 1055 1384 necesse
1077 1356 1125 1384 est
1147 1352 1188 1383 ad
1210 1352 1286 1383 illud
1309 1351 1416 1383 referri
1439 1351 1521 1392 quod
1544 1354 1640 1382 antea
1661 1351 1720 1382 sibi
1743 1351 1797 1383 da-

175 1410 240 1438 tum
264 1416 334 1438 esse
356 1407 489 1447 dixerat,
514 1411 546 1438 ut
569 1410 659 1438 extra
681 1407 821 1439 ordinem
845 1412 875 1439 et
896 1412 968 1440 ante
990 1408 1172 1439 relationem
1194 1408 1330 1440 consulis
1352 1407 1480 1439 diceret.
1524 1407 1628 1447 itaque
1650 1416 1798 1438 revocan-

174 1463 248 1494 dum
272 1466 319 1494 est
340 1463 423 1503 quod
444 1463 475 1493 in
497 1463 640 1494 omnibus
662 1463 749 1494 libris
773 1464 887 1505 legitur
907 1468 1102 1504 permiseras,
1126 1464 1154 1495 h.
1180 1474 1207 1495 e.
1231 1464 1365 1495 dederas
1387 1463 1462 1494 mihi
1484 1463 1532 1494 ius
1556 1463 1689 1503 dicendi,
1713 1463 1797 1503 quod

174 1528 272 1559 usque
295 1519 398 1550 adhuc
420 1520 562 1550 omnibus
585 1519 708 1551 dedisti.
749 1524 920 1559 permiseris
947 1524 1051 1552 autem
1078 1530 1139 1551 non
1161 1520 1284 1551 invenio
1307 1520 1455 1560 scriptum
1478 1528 1547 1550 esse
1569 1522 1642 1550 ante
1664 1519 1797 1560 Pompo-

173 1575 257 1606 nium
280 1575 420 1606 Laetum.

297 1631 343 1661 IX
365 1632 420 1672 30,
444 1632 462 1663 3
496 1634 625 1662 Primum
649 1638 691 1662 est
713 1639 810 1662 autem
833 1640 887 1660 suo
909 1640 973 1661 esse
995 1638 1180 1668 contentum,
1208 1634 1313 1662 deinde
1341 1642 1416 1670 quos
1433 1634 1599 1670 praecipue
1619 1634 1698 1662 scias
1721 1634 1798 1662 indi-

172 1697 244 1725 qere
264 1693 472 1718 sustentantem
493 1689 694 1725 foventemque
716 1690 788 1718 orbe
811 1689 941 1724 quadum
963 1691 1115 1719 societatis
1137 1691 1259 1719 ambire.
1303 1698 1359 1728 pro
1381 1691 1547 1723 societatiS,
1576 1687 1659 1727 quod
1682 1696 1721 1717 ex
1743 1687 1796 1718 Al-

175 1742 250 1774 dina
272 1742 407 1774 editione
429 1746 637 1784 propagatum
660 1747 723 1783 est,
757 1744 788 1774 in
821 1742 908 1774 libris
941 1754 1033 1775 manu
1064 1744 1187 1784 scriptis
1217 1747 1247 1775 et
1275 1747 1347 1775 ante
1368 1743 1483 1774 Aldum
1510 1743 1660 1783 inpressis
1681 1743 1797 1783 legitur

174 1801 360 1830 socialitatis.
405 1799 489 1830 idem
510 1799 697 1830 vocabulum
720 1800 904 1831 auctoritate
927 1800 1067 1831 codicum
1090 1800 1288 1831 confirmatur
1317 1810 1388 1840 pan.
1412 1799 1466 1839 49,
1491 1800 1511 1831 4
1542 1810 1610 1830 num
1631 1806 1728 1830 autem
1750 1810 1796 1831 se-

174 1858 238 1885 rias
261 1860 373 1885 tantum
393 1861 496 1894 partes
519 1858 632 1886 dierum
655 1859 684 1886 in
709 1859 802 1886 oculis
824 1858 934 1886 nostris
956 1863 1098 1894 coetuque
1121 1859 1290 1887 consumis?
1322 1866 1379 1886 non
1410 1858 1632 1886 remissionibus
1661 1859 1718 1886 tuis
1746 1866 1795 1887 ea-

176 1913 239 1941 dem
266 1914 435 1948 frequentia
465 1914 624 1949 eademque
651 1915 702 1942 illa
734 1915 886 1942 socialilas
917 1915 1054 1942 interest?
1096 1912 1136 1943 ab
1164 1912 1236 1943 aliis
1272 1912 1348 1942 illud
1375 1922 1488 1943 nomen
1515 1915 1696 1952 usurpatum
1725 1922 1795 1943 esse

173 1976 235 1997 non
258 1966 370 1997 inveni.
413 1970 535 1998 socialis
567 1971 689 2008 autem,
729 1967 811 2007 quod
839 1967 879 1998 ab
913 1968 1137 2008 antiquioribus
1173 1968 1212 1999 de
1247 1968 1284 1999 iis
1307 1978 1388 2008 quae
1410 1968 1564 1999 sociorum
1585 1970 1657 1998 sunt
1679 1967 1795 1999 dietum

173 2026 237 2062 est,
260 2026 374 2063 poetae
396 2023 468 2054 inde
490 2024 530 2054 ab
554 2023 674 2054 Horatii
695 2027 834 2064 tempore
857 2034 896 2055 ea
917 2024 1042 2055 notione
1064 2028 1249 2065 posuerunt,
1273 2028 1306 2055 ut
1327 2034 1454 2056 sensum
1476 2033 1670 2055 communem
1693 2027 1723 2055 et
1745 2033 1793 2055 so-

174 2078 296 2110 cietatis
320 2082 476 2110 amantem
498 2079 698 2119 significaret.
743 2080 800 2111 hos
824 2080 921 2111 secuti
943 2084 1015 2111 sunt
1036 2080 1224 2121 posteriores
1247 2080 1430 2121 scriptores,
1464 2083 1497 2110 ut
1519 2079 1640 2110 Seneca
1673 2079 1712 2110 de
1740 2080 1793 2111 be-

173 2134 234 2165 nef.
258 2134 284 2165 V
307 2136 354 2174 11,
378 2136 396 2166 5
421 2137 588 2172 beneficium
612 2138 686 2166 dare
707 2139 827 2167 socialis
848 2147 896 2167 res
917 2143 975 2176 esc,
999 2140 1124 2175 aliquem
1147 2140 1299 2174 conciliat,
1332 2139 1458 2174 aliquem
1480 2138 1611 2174 obliqat3
1639 2138 1697 2166 sibi
1719 2138 1794 2167 dare

172 2200 231 2221 non.
252 2197 295 2221 est
316 2194 437 2221 socialis
459 2201 522 2229 res,
559 2195 700 2222 neminem
729 2196 884 2231 conciliat,
917 2196 1060 2223 neminem
1091 2195 1212 2231 obliqui.
1256 2192 1328 2223 inde
1350 2192 1475 2223 ductum
1498 2195 1545 2223 est
1567 2191 1793 2223 substantivum

174 2256 289 2278 nomen
311 2257 373 2278 non
395 2247 511 2278 maiore
534 2247 676 2288 audacia,
699 2258 792 2289 quam
816 2252 940 2280 civilitas
962 2249 1002 2280 ab
1025 2259 1062 2280 eo
1086 2248 1169 2289 quod
1191 2252 1238 2279 est
1259 2251 1366 2285 civilis5
1389 2248 1428 2279 de
1450 2257 1511 2288 quo
1534 2246 1612 2278 dixit
1634 2247 1793 2279 Casaubo-

174 2312 232 2334 nus
255 2303 287 2334 in
309 2302 394 2334 Suet.
416 2303 497 2343 Aug.
521 2304 569 2336 51.
614 2304 718 2344 itaque
741 2305 773 2336 in
796 2314 890 2345 supra
911 2305 1026 2346 scripto
1048 2305 1140 2335 Plinii
1174 2304 1243 2335 loco
1266 2314 1335 2335 cum
1356 2304 1448 2345 plane
1471 2304 1651 2335 necessaria
1673 2304 1712 2335 sit
1732 2304 1792 2335 vir-

175 2358 250 2389 tutis
286 2358 491 2399 significatio,
528 2359 612 2391 haud
646 2360 740 2391 dubie
768 2361 992 2393 restituendum
1023 2364 1070 2391 est
1098 2363 1169 2391 orbe
1195 2363 1321 2399 quodam
1348 2363 1526 2392 socialitatis
1547 2362 1666 2391 ambire.
1710 2360 1793 2391 orbis
