2080 2792
900 314 1200 358 mirw-

242 437 405 477 consentit,
428 437 459 467 111
482 437 519 467 iis
542 446 621 476 quae
644 436 724 466 infra
746 445 786 466 ex
808 435 867 466 hoc
889 445 1006 476 genere
1029 437 1200 467 recentium
1216 436 1366 467 librorum
1388 435 1568 467 exhibenda
1588 436 1712 466 fuerunt
1732 436 1866 476 plerum—

241 503 300 533 que
330 493 429 524 omitti
456 492 564 533 potuit.
608 491 664 522 sed
694 501 763 522 cum
792 491 823 522 in
852 491 991 532 principe
1015 492 1151 523 editione
1174 493 1232 523 hae
1255 492 1392 523 maxime
1414 491 1569 532 epistulae
1591 491 1629 522 de
1652 491 1763 531 quibus
1785 501 1866 523 nunc

241 549 363 589 agimus
392 547 643 589 corruptissimae
672 547 775 578 editae
805 551 924 587 essent,
961 548 1092 588 primum
1122 558 1194 589 pars
1217 548 1361 579 vitiorum
1383 548 1414 578 in
1436 547 1572 579 editione
1594 547 1735 578 Romana
1756 547 1866 588 paucis

242 605 331 636 annis
365 608 435 645 post
467 604 565 643 facta,
601 603 639 634 de
669 613 731 643 qua
757 603 788 634 in
816 604 974 644 superiore
998 604 1257 635 commentatione
1281 604 1361 644 dixi,
1385 604 1510 635 sublata
1533 606 1594 643 est,
1628 603 1741 634 deinde
1769 604 1865 635 multo

241 661 331 701 plura
353 661 384 691 in
407 660 541 691 editione
564 659 678 690 Aldina
700 670 728 690 a.
756 660 833 691 1508
855 663 993 691 correcta
1017 664 1096 691 sunt.
1127 670 1143 691 e
1166 660 1277 700 quibus
1301 659 1488 691 editionibus
1510 659 1653 690 Romana
1673 669 1755 691 nunc
1777 660 1864 691 omit-

241 716 336 747 tenda
363 716 419 747 fuit
446 715 639 754 necessario,
672 716 745 755 quia
778 725 838 746 non
866 716 996 755 contigit
1024 716 1100 746 mihi
1128 716 1269 756 quamvis
1298 716 1465 756 diligenter
1495 715 1656 756 quaerenti
1687 716 1865 756 exemplum

243 772 386 803 editionis
410 771 586 802 rarissimae
610 771 755 811 reperire.
800 771 947 802 habuisse
970 776 1073 802 autem
1097 772 1248 803 editorem
1272 772 1411 803 codicem
1433 771 1575 803 Mediceo
1598 771 1802 812 simillimum,
1825 782 1864 803 ex

241 838 301 868 quo
331 831 361 859 et
391 831 510 868 partem
538 827 638 858 octavi
666 827 736 857 libri
765 827 881 867 primus
912 828 1008 858 edidit
1038 832 1069 859 et
1098 828 1247 869 conplura
1276 828 1426 869 principis
1455 827 1599 859 editionis
1621 827 1698 859 vitia
1720 828 1864 868 correxit,

243 894 281 915 ex
304 884 341 914 iis
364 884 553 923 intellegitur
580 883 782 923 editionibus,
817 893 897 923 quae
925 884 1074 924 proximis
1098 884 1186 915 annis
1217 889 1285 925 post
1314 885 1416 915 factae
1439 887 1518 915 sunt.
1563 893 1579 915 e
1602 883 1713 924 quibus
1736 883 1865 914 adhibui

242 944 318 972 tres.
342 940 513 970 Romanam
536 939 697 979 Pomponii
721 939 807 970 Laeti
831 950 859 970 a.
885 940 978 977 14th,
1002 940 1229 971 Bononiensem
1254 940 1391 981 Philippi
1413 939 1560 971 Beroaldi
1581 950 1609 970 a.
1634 940 1723 979 1498,
1746 939 1863 971 Medio-

242 996 399 1026 lanensem
424 996 445 1027 Ι.
470 996 509 1026 Μ.
535 995 685 1026 Catanaei
714 1006 741 1026 a.
767 996 860 1033 150&
895 996 1142 1036 antiquissimam
1170 996 1414 1037 Neapolitanam
1447 1007 1475 1028 a.
1500 996 1580 1028 1476
1612 996 1714 1036 ipsam
1742 1005 1863 1036 quoque

243 1052 448 1090 rarissimam,
478 1051 564 1082 euius
597 1052 773 1092 exemplum
804 1056 849 1082 est
878 1052 907 1082 in
934 1052 1124 1083 bibliotheca
1150 1053 1308 1093 Parisina,
1340 1053 1497 1093 excerptis
1520 1052 1692 1083 Brummeri
1720 1062 1739 1082 a
1760 1052 1864 1083 Cortio

243 1108 389 1138 exhibitis
418 1108 558 1147 cognovi.
603 1107 706 1147 itaque
736 1117 804 1138 eum
833 1108 872 1138 ad
895 1108 1028 1139 Medicei
1057 1108 1174 1140 codicis
1204 1109 1389 1149 scripturam
1413 1117 1473 1139 non
1496 1109 1625 1139 multum
1647 1108 1720 1138 novi
1742 1117 1781 1138 ex
1804 1108 1863 1139 Ro-

242 1174 334 1194 mana
358 1164 491 1194 editione
514 1163 664 1194 accedere
688 1174 779 1203 posse
804 1164 960 1203 videatur,
991 1169 1054 1195 tum
1078 1165 1149 1195 Aldi
1172 1165 1300 1195 Manutii
1333 1164 1467 1195 studium
1502 1164 1604 1195 effecit
1632 1166 1665 1194 ut
1694 1167 1724 1195 et
1753 1165 1811 1195 hac
1834 1167 1864 1195 et

243 1220 367 1259 reliquis
402 1229 480 1259 quae
516 1230 584 1250 eam
612 1223 737 1250 secutae
769 1224 839 1250 sunt
867 1220 933 1251 sine
957 1221 1101 1259 graviore
1125 1221 1309 1252 detrimento
1333 1230 1440 1251 carere
1463 1220 1618 1261 possimus
1634 1220 1677 1259 W).
1721 1220 1748 1251 is
1771 1220 1862 1260 enim,

242 1286 310 1306 cum
334 1279 468 1306 veterem
493 1280 521 1306 et
545 1276 658 1306 bonum
681 1276 820 1306 codicem
844 1281 952 1307 nactus
976 1281 1072 1315 esset,
1113 1277 1192 1307 hunc
1222 1277 1252 1307 in
1276 1277 1335 1307 hac
1357 1281 1445 1313 parte
1469 1276 1671 1317 epistularum
1694 1276 1790 1307 multo
1813 1286 1862 1307 ac-

243 1332 380 1362 curatius
403 1335 527 1362 secutus¹
551 1335 598 1362 est
620 1342 711 1372 quant
735 1333 764 1362 111
788 1332 890 1373 priore
914 1338 1016 1373 parte,
1057 1333 1087 1363 in
1110 1343 1171 1373 qua
1193 1337 1256 1363 tam
1280 1333 1376 1364 multa
1398 1343 1437 1363 ex
1460 1332 1655 1373 interpolatis
1678 1332 1862 1372 exemplari-

249 1388 305 1418 bus
329 1387 455 1427 recepit,
480 1393 511 1418 ut
534 1388 575 1418 ibi
599 1388 675 1419 tides
698 1388 780 1419 illius
802 1392 855 1419 aut
877 1389 959 1419 nulla
985 1389 1023 1420 sit
1046 1393 1098 1420 aut
1120 1389 1304 1429 perexigua.
1349 1389 1582 1419 fimdamentum
1605 1391 1708 1420 autem
1731 1388 1864 1419 Aldinae

244 1443 389 1474 editionis
412 1444 467 1474 tuit
491 1444 585 1474 editio
608 1444 753 1485 princeps
779 1445 911 1483 Veneta,
947 1445 977 1475 in
1007 1455 1068 1485 qua
1097 1445 1294 1476 emendanda
1321 1455 1510 1485 quamquam
1533 1444 1687 1484 quaedam
1710 1454 1749 1475 ex
1772 1444 1863 1475 editis

242 1503 312 1530 ante
336 1509 405 1530 eum
429 1500 659 1540 exemplaribus
682 1501 782 1531 editor
804 1501 935 1541 recepit:
960 1502 1055 1532 multa
1078 1502 1172 1532 etiam
1196 1501 1279 1532 haud
1302 1501 1396 1532 dubie
1417 1511 1474 1531 suo
1496 1500 1625 1531 arbitrio
1647 1501 1792 1540 mutavit,
1816 1504 1861 1531 ta-

242 1565 311 1585 men
336 1555 503 1585 maximam
537 1559 656 1596 partem
687 1566 791 1587 eorum
821 1567 900 1597 quae
930 1557 1061 1597 primum
1092 1558 1122 1588 in
1145 1558 1260 1588 Aldina
1288 1557 1424 1588 editione
1453 1560 1537 1588 recte
1566 1557 1707 1587 exhibita
1729 1560 1799 1587 sunt
1823 1566 1862 1587 ex

242 1615 345 1642 vetere
375 1611 482 1642 codiee
512 1612 608 1652 petita
637 1622 705 1643 esse
738 1613 987 1652 trequentissimo
1017 1623 1170 1644 consensu
1193 1613 1326 1645 Medieei
1357 1613 1474 1644 codicis
1496 1613 1654 1653 probatur.
1699 1615 1863 1653 praeterea

242 1671 383 1698 octavum
408 1667 519 1697 librum
542 1668 572 1698 111
592 1669 730 1709 principe
752 1669 887 1700 editione
911 1670 1073 1709 omissum,
1098 1680 1170 1700 mox
1185 1680 1224 1701 ex
1247 1673 1335 1710 parte
1358 1670 1389 1700 in
1411 1669 1553 1700 Romana
1576 1669 1710 1700 editione
1734 1668 1861 1709 editum,

243 1723 358 1763 primus
382 1723 534 1763 integrum
559 1725 707 1756 exhibuit.
752 1735 831 1765 quae
854 1735 922 1755 cum
946 1725 987 1756 ita
1012 1726 1086 1764 sint,
1110 1726 1140 1756 in
1164 1726 1223 1757 hae
1245 1726 1371 1766 quidem
1393 1729 1482 1766 parte
1506 1725 1724 1766 epistularum,
1747 1725 1778 1755 in
1800 1734 1862 1765 qua

314 1888 340 1917 ⁴³)
360 1887 443 1912 Pauci
469 1891 531 1912 sunt
561 1887 612 1912 loci
638 1887 663 1912 in
690 1887 788 1920 quibus
815 1895 879 1913 vera
905 1888 1040 1920 scriptura
1068 1897 1100 1914 ex
1128 1888 1209 1914 editis
1236 1892 1300 1914 ante
1319 1887 1422 1914 Aldum
1449 1887 1650 1920 exemplaribus
1672 1887 1793 1920 petenda
1811 1891 1860 1919 est,

244 1937 265 1962 V
288 1938 318 1963 15
340 1938 409 1969 (10),
436 1939 445 1962 1
468 1938 545 1962 labor
564 1943 589 1962 et
608 1937 713 1971 decido]
745 1939 840 1963 laboro
860 1945 884 1963 e!
902 1941 994 1963 decido
1014 1939 1078 1968 MD,
1099 1939 1192 1963 labore
1211 1941 1304 1964 ‹let-ido
1324 1939 1365 1970 A;
1385 1939 1426 1969 20,
1449 1939 1465 1964 2
1484 1938 1629 1970 indicabit]
1651 1939 1779 1963 iudicabit
1797 1937 1860 1970 MA,

243 1989 371 2011 iudicauit
391 1987 428 2018 ὓς
448 1987 497 2013 VH
510 1988 532 2018 ὃ,
546 1988 561 2013 4
580 1988 719 2021 rei-ocare]
741 1996 854 2013 evocare
866 1988 954 2014 MDA.
974 1996 1036 2014 nam
1057 1989 1181 2021 quamvis
1203 1988 1330 2015 usitatum
1352 1989 1385 2015 sit
1402 1988 1489 2014 Plinio
1509 1988 1643 2014 evocandi
1663 1987 1783 2019 verbum,
1806 1987 1859 2014 hoo

244 2037 302 2062 loeo
314 2040 404 2062 tamen
417 2041 445 2062 ut
462 2046 590 2063 rei-ocare
606 2037 741 2063 scribatur
760 2039 880 2070 postulat
900 2039 965 2064 illud
983 2039 1055 2072 quod
1070 2039 1225 2071 oppositum
1241 2042 1289 2070 est,
1311 2041 1432 2064 νεῖαι-110.
1454 2039 1492 2064 IX
1507 2040 1530 2069 7,
1543 2039 1558 2064 4
1578 2041 1632 2063 illic
1651 2044 1726 2063 recta
1743 2041 1859 2070 yenatio

245 2090 324 2119 (enyo
344 2089 423 2112 limite
442 2096 523 2119 super
542 2090 604 2112 lim-›-
623 2091 787 2121 eslendimr,
814 2091 855 2113 liic
882 2092 1081 2121 spatiosissimo
1105 2095 1184 2120 musto
1204 2092 1296 2115 lev-iter
1315 2091 1475 2121 inflectitur:
1505 2092 1578 2115 recte
1598 2088 1624 2114 in
1643 2088 1783 2114 veteribus
1802 2088 1857 2114 edi-

244 2136 362 2162 tionibus
381 2137 480 2170 legitur
499 2140 711 2170 spolias-issimaus
729 2145 832 2170 mystas.
871 2147 959 2172 neque
974 2140 1043 2165 enim
1059 2139 1111 2165 dici
1124 2142 1215 2172 potest
1234 2139 1353 2173 gestatio
1373 2142 1453 2173 xysto
1473 2139 1572 2164 inflexa
1590 2146 1640 2171 pro
1660 2139 1813 2171 gestatione
1833 2138 1860 2164 in

243 2190 348 2220 xystum
362 2187 486 2213 inflexum
499 2192 665 2219 excurrente,
685 2189 790 2214 etiamsi
811 2192 917 2223 xystum
938 2197 996 2215 eum
1015 2190 1169 2223 gestatione
1188 2190 1307 2215 iunctum
1328 2189 1411 2216 fuisse
1431 2189 1626 2220 concedamus3
1646 2188 1695 2214 sed
1715 2197 1774 2214 cum
1788 2188 1860 2214 duae

245 2237 324 2263 villae
345 2237 541 2269 describantur,
562 2238 587 2263 in
607 2238 693 2264 altera
712 2242 788 2265 recta
807 2239 925 2273 gestatio
946 2240 1085 2271 laudatur,
1107 2240 1133 2265 in
1154 2241 1240 2265 altera
1261 2244 1357 2274 xystus
1376 2240 1472 2266 leviter
1490 2239 1611 2265 inflexus.
1651 2246 1744 2265 verum
1764 2246 1797 2265 ex
1817 2238 1859 2265 his

244 2287 368 2313 omnibus
389 2288 453 2313 nihil
473 2292 513 2314 est
533 2288 606 2321 quod
627 2289 782 2315 coniectura
802 2289 915 2315 inveniri
934 2298 988 2315 non
1010 2290 1135 2323 potuerit.
1155 2290 1275 2316 incertae
1294 2290 1467 2316 auctoritatis
1487 2293 1528 2316 est
1547 2290 1584 2316 VI
1607 2290 1644 2321 19,
1665 2290 1680 2316 3
1700 2291 1726 2316 C.
1748 2291 1857 2314 Homul-

244 2340 285 2361 lu.›·
305 2345 354 2370 pro
375 2341 509 2363 Homullus
529 2342 555 2364 et
574 2338 600 2363 in
619 2339 794 2371 inscriptione
814 2340 946 2372 epistulae
966 2341 1015 2367 Vll
1035 2342 1050 2367 9
1070 2343 1191 2365 θοι-110110
1211 2343 1294 2366 Fusco
1314 2348 1364 2373 pro
1384 2342 1477 2366 Fusco.
