2080 2792
965 319 1285 364 «Μ16ψ-

308 452 432 490 praeter
455 448 539 478 loeos
562 446 613 486 qui
636 455 730 486 supra
752 444 860 485 scripti
883 449 954 475 sunt
976 444 1094 475 Plinius
1120 444 1178 475 hoc
1199 443 1368 483 vocabulo,
1391 443 1475 484 quod
1496 443 1745 483 frequentissime
1768 447 1938 484 posuerunt

308 504 361 536 alii
385 503 451 535 eius
474 502 587 534 aetatis
610 501 792 541 scriptores,
815 510 889 531 usus
912 510 973 532 non
996 504 1053 532 est.

433 559 488 589 VII
513 560 560 597 17!
585 560 623 589 135
647 560 720 587 Nam
743 559 824 595 quod
847 558 885 587 M.
913 559 1017 588 Cicero
1041 558 1078 586 de
1098 558 1182 593 stilo,
1205 565 1260 592 eqo
1285 557 1322 585 de
1344 561 1419 585 metu
1441 557 1547 586 sentio.
1591 558 1678 586 timor
1701 561 1744 586 est
1766 558 1937 587 emendator

308 618 500 655 asperrimus.
544 614 646 645 stilum
681 613 729 643 vel
764 612 921 643 scribendi
956 611 1212 643 exercitationem
1245 610 1412 651 plurimum
1446 611 1551 642 valere
1586 611 1627 642 ad
1656 611 1736 642 bene
1771 611 1935 643 dicendum

308 681 404 712 saepe
429 671 507 701 dixit
530 670 654 708 Cicero,
679 668 717 699 de
740 678 783 699 or.
809 668 821 698 Ι
843 669 897 706 33,
924 669 994 705 15ος
1019 667 1072 707 60,
1094 668 1171 705 257ς
1195 667 1241 697 ΙΙΙ
1262 667 1318 706 49,
1343 666 1416 705 1903
1449 666 1534 698 Brut.
1557 667 1611 706 24,
1635 667 1690 705 923
1719 667 1761 698 ad
1782 668 1855 699 fam.
1879 668 1937 699 VH

307 729 362 766 25,
385 728 413 759 2.
458 726 534 757 illud
565 730 667 756 tamen
695 724 777 764 quod
807 725 864 755 hoe
888 724 956 755 1000
979 723 1018 755 de
1041 723 1150 754 timore
1173 723 1249 753 dicit
1272 722 1404 762 Plinius,
1438 723 1671 754 emendatorem
1701 733 1770 755 esse
1802 724 1935 765 asperri-

307 794 406 822 mum,
440 791 607 822 numquam
637 781 715 811 dixit
738 780 776 811 de
799 780 880 811 stilo.
924 780 981 811 sed
1004 779 1033 810 in
1057 778 1217 810 codicibus
1241 778 1383 809 omnibus
1406 782 1436 809 et
1458 778 1573 810 Aldina
1595 779 1731 810 editione
1754 783 1825 821 post
1848 783 1938 811 timor

308 846 351 870 est
372 840 482 870 iterum
506 837 654 878 scriptum
676 840 723 867 est
747 840 846 872 timor,
880 845 979 876 neque
1014 835 1108 866 ullam
1143 835 1205 865 vim
1237 834 1331 865 habet
1353 834 1414 865 ista
1435 834 1579 875 repetitio
1603 835 1821 875 praecedentis
1844 845 1936 867 voea-

309 896 373 927 buli
395 894 509 934 alioqui
533 893 633 924 Plinio
657 892 876 931 usitatissima,
908 892 967 922 nisi
991 891 1126 922 addatur
1147 890 1242 921 aliud.
1287 891 1391 930 itaque
1414 890 1528 921 lacuna
1550 890 1672 922 videtur
1697 892 1841 922 haustum
1864 901 1934 923 esse

308 951 425 991 aliquid
448 960 487 981 ex
512 949 548 980 iis
571 958 650 989 quae
671 948 710 979 de
732 948 802 979 stilo
829 948 939 979 Cicero
962 947 1094 978 dixerat.
1140 947 1303 987 probabile
1332 950 1437 977 autem
1472 951 1519 977 est
1548 946 1681 978 eundem
1704 947 1806 979 locum
1829 957 1934 988 respe-

310 1008 393 1038 xisse
418 1006 566 1043 Plinium,
600 1005 639 1035 de
667 1014 727 1044 qno
758 1004 965 1041 Quintilianus
996 1004 1027 1034 X
1048 1004 1082 1043 3,
1109 1005 1121 1034 1
1153 1014 1206 1033 nec
1237 1006 1387 1039 inmerito,
1423 1002 1534 1043 inquit,
1572 1005 1612 1034 M.
1642 1005 1751 1034 Tullius
1780 1004 1834 1043 (de
1856 1004 1936 1035 or.I

308 1064 362 1097 33,
392 1063 459 1099 150)
483 1064 561 1092 hunc
584 1065 721 1099 optimum
744 1063 909 1097 effectorem
933 1071 971 1091 uc
997 1063 1169 1097 nmyistrum
1200 1061 1319 1089 dicendi
1347 1061 1472 1089 vocavit.
1518 1058 1600 1089 unde
1625 1059 1702 1090 haee
1725 1060 1797 1091 olim
1821 1060 1937 1101 scripta

308 1119 403 1150 fuisse
432 1117 587 1158 suspicor,
622 1120 708 1146 timor
742 1123 784 1146 est
815 1119 941 1155 optimus
969 1126 1006 1147 ac
1031 1119 1304 1154 praestantissimus
1333 1117 1452 1145 dicendi
1480 1116 1620 1153 effector,
1648 1119 1735 1146 timor
1761 1118 1935 1146 emendator

309 1178 498 1213 asperrimus.

434 1229 503 1260 vlll
527 1234 560 1269 (τ’,
585 1230 604 1260 2
636 1232 734 1259 Inveni
756 1234 812 1258 tom
836 1232 989 1266 copiosum
1013 1234 1040 1257 et
1064 1229 1202 1265 effusum,
1238 1233 1268 1257 ut
1290 1230 1337 1257 ille
1358 1229 1588 1265 .s·11perbissinms
1609 1229 1710 1258 titulus
1732 1230 1868 1258 modicus
1891 1234 1935 1257 ut-

309 1296 365 1325 que
400 1288 485 1316 etiam
516 1288 659 1315 demissus
687 1287 856 1316 videretur.-
889 1287 1104 1321 conseruntque
1125 1293 1157 1313 se
1179 1293 1236 1313 non
1260 1285 1327 1313 dico
1350 1286 1392 1313 itti
1413 1289 1540 1319 veteres,
1567 1285 1703 1319 Africani
1726 1285 1854 1314 Achaici
1875 1285 1936 1314 Nu-

310 1345 447 1375 montilli.
476 1344 529 1372 sect
550 1344 581 1372 Iti
600 1344 748 1379 promturi,
774 1343 866 1371 Marii
890 1344 992 1371 Sullae
1016 1343 1163 1378 Pompeii,
1187 1342 1256 1369 nolo
1276 1341 1424 1377 proqredi
1445 1342 1576 1378 lonyius,
1599 1341 1681 1376 infra
1703 1342 1849 1370 Pallantis
1870 1342 1935 1370 lau-

307 1401 357 1429 des
379 1400 524 1429 lucebunt.
568 1407 627 1427 non
651 1397 787 1427 debebat
809 1400 957 1437 suspecta
980 1406 1050 1427 esse
1074 1395 1206 1426 Aldinae
1230 1394 1376 1425 editionis
1399 1395 1554 1435 scriptura
1577 1395 1650 1426 olim
1679 1399 1808 1436 recepta
1836 1396 1932 1432 conse-

305 1461 376 1485 rant
397 1464 429 1483 se
450 1456 658 1491 miscemetque.
702 1463 773 1483 nam
796 1452 947 1484 miscendi
972 1452 1100 1483 verbum
1123 1462 1142 1482 a
1164 1451 1345 1492 posterioris
1368 1451 1481 1482 aetatis
1504 1452 1723 1492 scriptoribus,
1758 1451 1894 1482 maxime
1917 1461 1937 1482 a

307 1510 426 1548 Tacito,
450 1509 488 1540 de
512 1513 664 1540 conventu
687 1508 844 1539 hominum
867 1509 929 1539 diei
952 1512 1083 1539 constat.
1128 1507 1246 1538 Plinius
1269 1510 1383 1546 autem,
1407 1507 1549 1547 quamvis
1572 1511 1697 1548 praeter
1719 1507 1799 1538 hune
1822 1507 1934 1547 locum,

309 1566 339 1596 in
362 1576 422 1606 quo
446 1565 588 1596 altiorem
611 1565 713 1595 stilum
737 1565 916 1605 adfectavit,
940 1565 998 1595 hoe
1021 1564 1197 1604 significatu
1220 1567 1343 1594 miscere
1365 1573 1425 1593 non
1448 1562 1572 1603 dixerit,
1595 1567 1708 1603 tamen,
1732 1567 1765 1594 ut
1787 1564 1845 1594 1100
1866 1563 1935 1595 loeo

308 1626 377 1662 post
399 1623 554 1657 conserunt
575 1621 710 1661 positum
735 1626 798 1659 est,
822 1621 865 1652 ita
887 1621 956 1651 aliis
980 1621 1082 1651 verbis
1106 1620 1181 1650 illud
1203 1619 1321 1650 addere
1344 1619 1521 1655 consuevit,
1551 1623 1583 1650 ut
1605 1619 1666 1650 vini
1690 1629 1796 1650 eorum
1818 1624 1936 1660 augeat

307 1681 337 1708 et
358 1677 531 1709 accuratius
554 1676 696 1715 definiat,
721 1678 745 1707 V
769 1678 798 1715 S,
827 1679 854 1708 ll
883 1679 1065 1713 confundam
1087 1680 1300 1713 misccumque;
1325 1675 1397 1705 VIII
1421 1676 1449 1715 5,
1476 1677 1490 1706 1
1516 1679 1632 1713 colleqit
1655 1682 1682 1706 et
1704 1679 1838 1713 miscuim-
1863 1686 1933 1717 pan.

310 1734 365 1772 24,
397 1736 405 1764 l
433 1737 556 1764 iunxisti
579 1737 653 1763 enim
677 1739 704 1763 et
728 1737 879 1764 miscuisti.
924 1743 940 1763 e
963 1732 1116 1763 contrario
1141 1732 1171 1762 in
1195 1731 1327 1762 Medicei
1350 1731 1467 1762 codicis
1490 1731 1643 1772 scriptura
1666 1733 1880 1770 conseruntque
1902 1742 1935 1762 se

309 1789 476 1820 insolenter
500 1789 614 1820 dictum
638 1794 683 1820 est
708 1800 773 1827 que.
808 1799 881 1820 nam
904 1789 934 1819 in
959 1788 1012 1819 tali
1035 1788 1259 1819 sententiarum
1282 1797 1364 1818 nexu
1387 1793 1439 1819 aut
1462 1787 1633 1818 omittenda
1654 1791 1721 1818 erat
1744 1788 1857 1828 eopula
1880 1792 1933 1819 aut

306 1845 412 1875 fortius
436 1845 602 1875 efferenda.

429 1901 499 1931 VIII
522 1901 557 1940 8,
584 1902 594 1931 1
634 1903 775 1931 Vidistine
797 1903 960 1939 aliquando
987 1903 1161 1931 Clitumnum
1183 1902 1316 1936 sontem?
1345 1909 1453 1939 parum
1477 1900 1638 1940 probabile
1661 1904 1709 1931 est
1731 1899 1847 1930 fontem
1870 1899 1930 1930 Cli-

310 1956 407 1986 tumni
436 1956 583 1996 fluminis,
615 1966 707 1997 quem
731 1956 849 1987 Plinius
879 1956 1043 1994 describit,
1075 1955 1172 1996 ipsius
1194 1955 1330 1986 fluminis
1352 1954 1476 1986 nomine
1499 1955 1692 1996 appellatum
1715 1965 1801 1995 esse,
1825 1965 1931 1996 quam-

307 2021 399 2051 quam
422 2022 481 2043 non
506 2012 618 2043 flumen
642 2013 741 2043 solum
764 2012 820 2043 sed
843 2012 943 2042 lacum
968 2012 1061 2043 etiam
1085 2011 1273 2043 Clitumnum
1305 2011 1421 2041 dietum
1454 2021 1524 2042 esse
1554 2015 1706 2042 testantur
1728 2011 1932 2052 Philargyrus

307 2067 338 2098 in
361 2067 453 2108 Verg.
477 2078 585 2108 georg.
610 2068 637 2098 11
663 2069 718 2100 147
753 2071 912 2099 Clitumnus
934 2074 962 2098 et
984 2070 1057 2098 deus
1080 2073 1106 2097 et
1127 2070 1210 2097 lacus
1233 2070 1262 2097 in
1282 2069 1392 2103 sinibus
1415 2069 1650 2104 Spoletinorum,
1681 2077 1719 2098 ex
1749 2077 1807 2105 quo
1831 2070 1931 2098 hiben-

308 2126 349 2153 tia
369 2134 484 2162 pecora
506 2127 576 2154 alba
595 2128 677 2160 sumt,
700 2128 731 2155 et
755 2124 891 2155 Isidorus
915 2124 993 2163 orig.
1017 2123 1094 2154 XIII
1120 2124 1165 2161 13,
1181 2124 1200 2155 b'
1227 2126 1385 2154 Clitumnus
1406 2126 1490 2153 lacus
1512 2127 1541 2153 tn
1567 2125 1687 2154 Umbria
1711 2126 1858 2154 maximos
1880 2126 1930 2154 bo-

308 2189 356 2210 ves
378 2182 483 2217 ytym’t.
526 2180 627 2210 lacum
661 2184 764 2210 autem
792 2180 836 2210 illi
867 2179 986 2211 dixisse
1015 2179 1158 2210 videntur
1180 2188 1271 2219 quem
1294 2178 1411 2209 Plinius
1434 2179 1590 2219 gurgitem
1613 2179 1688 2210 dicit
1697 2203 1704 2218 ‚
1741 2189 1803 2210 non
1836 2179 1930 2219 longe

307 2235 393 2265 illum
427 2235 551 2275 quidem
582 2246 601 2266 a
631 2236 732 2276 capite
763 2235 898 2266 fluminis
934 2238 1093 2266 remotum.
1137 2244 1230 2275 porro
1254 2234 1371 2265 Plinius
1402 2234 1517 2266 fontem
1546 2238 1672 2276 propter
1699 2244 1846 2275 magnam
1868 2234 1930 2265 vim

308 2300 408 2330 aquae
432 2301 503 2322 mox
526 2291 709 2331 amplissimi
732 2291 866 2322 fluminis
888 2295 1030 2322 naturam
1054 2290 1182 2321 induere
1206 2290 1322 2322 scribit.
1367 2300 1474 2321 verum
1496 2293 1601 2321 tamen
1621 2290 1693 2321 inde
1715 2300 1776 2322 non
1793 2290 1931 2330 sequitur

308 2355 419 2376 nomen
441 2347 634 2378 celeberrimi
656 2347 789 2378 fluminis
812 2347 853 2378 ad
874 2347 990 2378 fontem
1012 2346 1079 2378 eius
1100 2346 1284 2377 translatum
1307 2355 1394 2385 esse,
1427 2346 1458 2377 in
1488 2345 1547 2378 hae
1575 2346 1760 2387 praesertim
1791 2346 1928 2387 descrip-
