2080 2792
781 336 1103 381 mma..

124 461 265 493 turbines
286 460 383 492 fuisse
406 460 558 491 dicantur.
580 478 621 482 -—
663 461 692 499 ξ.
715 459 744 492 6.
767 462 843 490 Nom
863 462 1021 499 parvulum
1044 460 1162 495 differt,
1184 460 1314 496 patiaris
1338 459 1466 488 adversa
1489 467 1527 487 on
1550 463 1688 495 expectes
1711 457 1749 495 Α,

124 528 193 548 nam
214 519 339 556 paulum
361 518 460 553 differt
481 519 539 547 ete.
562 515 603 547 M.
646 525 719 546 nain
742 516 787 547 sie
809 516 841 547 in
861 516 893 547 M
916 515 1065 556 scriptum
1088 517 1150 553 est,
1174 524 1235 545 non
1256 516 1413 552 parulum,
1447 516 1480 544 ut
1501 513 1651 544 indicavit
1675 513 1749 543 Cor-

125 573 198 605 tius.
242 575 326 604 recte
346 575 451 603 tamen
473 575 630 610 parvulum
654 574 754 609 differt
777 582 816 603 ex
838 573 867 602 A
887 573 1073 612 receperunt
1096 570 1230 601 editores
1253 570 1322 600 0011.
1347 569 1421 600 VIII
1441 570 1496 608 14,
1521 570 1559 600 14
1587 573 1657 607 quia
1678 580 1749 607 par-

125 633 221 661 volum
242 630 377 665 referret.
420 631 586 669 praeterea
607 628 719 659 eodem
741 628 894 659 vocabulo
915 637 990 659 usus
1013 630 1059 658 est
1081 626 1199 657 Plinius
1223 626 1269 657 IX
1290 626 1345 665 40,
1369 626 1388 657 3
1424 628 1460 655 de
1487 631 1573 656 nocte
1591 628 1750 664 parvolum

126 688 297 723 adquirunt.
338 687 460 722 paulum
483 687 587 715 autem
609 683 733 724 scripsit
754 684 803 714 his
831 683 921 723 loeis,
958 683 972 714 I
995 684 1028 723 2,
1051 683 1072 714 4
1097 685 1221 721 paulum
1251 685 1356 712 itinere
1384 683 1527 712 decedere
1538 692 1548 716 ‚·
1583 681 1629 712 111
1653 682 1707 716 15,
1731 682 1751 713 4

124 744 246 781 paulum
267 743 478 779 retundantur3
508 739 536 771 V
559 741 590 779 1,
613 740 634 771 4
656 744 687 771 et
708 740 750 770 VI
774 740 829 779 16,
853 741 892 771 11
921 745 1076 770 cunctatus
1097 741 1221 777 paulum
1229 750 1239 774 ,·
1274 738 1317 769 IV
1340 737 1393 777 30,
1417 738 1437 769 2
1456 740 1580 776 paulum
1602 743 1731 767 retentus
1743 752 1752 775 ;

126 797 154 829 V
176 798 210 837 6,
233 797 274 829 20
292 800 416 836 paulum
436 798 571 832 recedit;
601 796 643 826 VI
664 796 720 835 20,
744 796 783 828 16
810 798 932 834 paulum
961 798 1087 832 reluxil;
1119 795 1176 825 VH
1198 795 1252 833 27,
1275 795 1294 827 9
1325 797 1449 832 paulum
1482 800 1672 832 expectarem
1705 793 1752 824 IX

126 853 182 893 36,
206 853 225 886 3
246 856 369 891 paulum
392 855 552 883 redormio.
596 861 672 892 ergo
692 855 814 890 paulum
838 852 881 882 ita
903 851 998 891 dixit,
1030 856 1062 882 ut
1083 851 1177 892 plane
1199 860 1256 891 pro
1279 850 1428 882 adverbio
1451 853 1547 888 essen
1581 850 1633 880 ubi
1655 849 1750 880 nomi-

126 909 175 941 nis
197 908 384 949 significatio
407 908 533 947 subest,
554 911 707 947 parvolum
729 908 842 948 posuit.
885 917 982 948 quare
1005 907 1085 938 sicut
1108 906 1155 938 IX
1179 907 1235 946 13,
1258 906 1277 938 8
1300 913 1411 937 lantum
1434 908 1535 944 differt
1557 906 1672 937 dictum
1695 910 1751 944 est,

126 965 172 997 ita
194 965 343 996 hocloco
368 968 526 1003 parvolum
549 965 699 1002 differret,
731 974 792 995 non
819 967 952 1002 paulum.
997 963 1098 994 simile
1130 963 1203 994 huie
1232 963 1301 994 usui
1334 963 1374 994 ab
1405 962 1539 1003 antiquis
1569 962 1671 993 alieno
1706 965 1753 993 est

127 1021 205 1052 illud
226 1021 309 1062 quod
331 1020 509 1061 Madvigius
532 1020 653 1051 emend.
677 1020 743 1050 Liv.
767 1030 795 1060 p.
809 1021 868 1052 577
891 1019 1062 1050 vindicavit
1084 1019 1172 1050 Livio
1194 1019 1295 1050 XLIV
1316 1019 1366 1058 25,
1392 1018 1411 1051 6
1430 1029 1557 1057 parvum
1580 1022 1648 1049 auri
1670 1022 1699 1049 et
1722 1017 1753 1049 X

127 1078 183 1117 45,
205 1078 244 1109 11
271 1087 367 1116 parvo
394 1080 506 1115 plures.
550 1080 687 1108 ceterum
713 1079 837 1115 paulum
872 1080 903 1107 et
926 1079 1038 1115 paulo,
1067 1085 1129 1106 non
1157 1078 1310 1114 paululum
1346 1074 1396 1106 vel
1423 1077 1546 1113 paululo
1575 1078 1753 1105 constanter

128 1133 276 1174 scriptum
298 1136 345 1164 est
366 1133 398 1163 in
419 1132 579 1164 codicibus
602 1132 709 1172 Plinii,
738 1132 798 1163 nisi
820 1132 903 1172 quod
925 1133 1021 1164 semel
1044 1132 1089 1163 III
1113 1133 1168 1172 15,
1191 1132 1212 1163 4
1233 1132 1265 1162 in
1287 1131 1473 1172 interpolato
1496 1130 1603 1162 codice
1626 1130 1751 1161 Floren-

128 1189 194 1221 tino
216 1192 303 1221 extat
322 1191 487 1227 paululum.

250 1245 325 1276 VIII
340 1245 390 1284 20,
407 1245 428 1276 4
451 1246 550 1275 Lacus
573 1249 615 1275 est
637 1247 668 1274 in
690 1247 909 1275 similitudinem
932 1247 1055 1274 iacentis
1074 1250 1162 1274 rotae
1182 1246 1424 1281 circumscriptus
1447 1249 1474 1273 el
1495 1245 1626 1280 undique
1643 1252 1752 1280 aequa-

128 1304 178 1332 lis:
201 1304 298 1332 nullus
319 1304 418 1339 sium,
449 1302 607 1339 obliquitas
626 1303 722 1336 nulla,
754 1303 850 1330 omnia
880 1302 1024 1337 dimensa,
1055 1303 1147 1339 paria
1168 1306 1196 1330 el
1219 1302 1307 1338 quasi
1336 1302 1460 1335 artificis
1487 1309 1574 1329 manu
1596 1305 1704 1329 cavata
1727 1304 1755 1328 et

129 1361 243 1388 excisa.
287 1360 370 1388 color
392 1359 512 1387 caerulo
535 1359 680 1395 albidior,
707 1359 835 1387 viridior
856 1363 883 1387 el
902 1359 1050 1395 pressior.
1078 1358 1207 1394 sulpuris
1229 1358 1306 1386 odor
1327 1365 1478 1394 saporque
1499 1357 1674 1391 medicatus,
1711 1357 1754 1384 zvis

129 1424 188 1452 qua
207 1414 309 1450 tracta
331 1416 509 1444 solidantur.
552 1412 638 1444 lacus
661 1412 859 1452 Vadimonis,
889 1413 941 1453 qui
964 1412 1057 1443 hodie
1078 1412 1152 1452 lago
1175 1412 1207 1442 di
1230 1412 1372 1443 Bassano
1394 1411 1521 1451 dieitur,
1550 1414 1676 1452 propter
1697 1410 1753 1441 mi-

130 1479 198 1500 ram
220 1472 363 1500 naturam
384 1469 556 1500 insularum
577 1469 608 1499 in
632 1469 701 1500 lacu
723 1469 896 1499 natantium
918 1479 937 1499 a
961 1468 1063 1499 Plinio
1086 1468 1279 1499 describitur.
1324 1467 1381 1499 sed
1413 1477 1451 1499 ea
1480 1477 1559 1507 quae
1589 1467 1627 1498 de
1650 1467 1754 1498 colore

133 1529 165 1556 et
186 1529 297 1556 natura
319 1535 420 1566 aquae
441 1525 558 1566 scripta
579 1528 665 1564 sunt,
703 1524 735 1556 in
767 1524 878 1565 quibus
900 1524 1034 1555 Medicei
1069 1523 1187 1555 codicis
1216 1524 1400 1564 scripturam
1431 1523 1574 1563 exhibui,
1610 1526 1755 1563 corrupta

131 1591 202 1613 esse
224 1584 256 1613 et
275 1581 479 1622 comparativi
501 1581 606 1622 inepte
629 1581 804 1612 coacervati
827 1584 857 1612 et
879 1581 1048 1612 insolenter
1068 1580 1178 1611 addita
1199 1580 1290 1611 tertio
1313 1580 1381 1611 loco
1404 1586 1431 1610 et
1453 1579 1628 1611 coniunctio
1652 1584 1753 1610 osten-

130 1636 216 1669 dunt.
259 1647 361 1678 neque
393 1637 510 1668 tollitur
530 1637 639 1668 vitium
660 1640 781 1668 mutata
801 1637 966 1668 verborum
988 1640 1157 1675 structura,
1182 1639 1265 1667 color
1287 1639 1425 1667 caeruleo
1448 1638 1593 1674 tabidior,
1628 1637 1755 1665 viridior

131 1699 159 1725 ec
177 1697 312 1733 pressior
332 1696 478 1733 sulpuris,
515 1695 591 1724 odor
617 1703 770 1732 saporque
791 1696 970 1732 medicatus,
1000 1692 1083 1733 quod
1104 1693 1243 1723 Gesnero
1267 1695 1297 1723 et
1319 1691 1458 1733 Gierigio
1481 1692 1613 1733 placuit,
1649 1696 1681 1722 ut
1704 1701 1753 1722 eo-

131 1749 179 1781 lor
202 1749 358 1781 diceretur
386 1749 520 1781 albidior
550 1750 695 1781 caeruleo
724 1749 868 1790 idemque
891 1749 1019 1781 viridior
1052 1752 1083 1780 et
1114 1748 1252 1789 pressior
1283 1748 1386 1780 colore
1414 1748 1559 1789 sulpuris.
1602 1758 1674 1779 nam
1697 1757 1755 1778 nee

131 1806 228 1837 latine
263 1806 322 1836 1100
354 1806 399 1837 ita
427 1805 490 1837 diei
519 1809 657 1846 poterat,
684 1809 815 1845 sulpuris
836 1815 891 1846 pro
914 1816 1001 1844 quam
1024 1808 1107 1836 color
1128 1807 1267 1843 sulpuris,
1290 1814 1348 1836 1100
1370 1804 1438 1845 quis
1460 1804 1586 1835 tandem
1608 1804 1693 1835 color
1716 1813 1755 1834 ex

132 1862 193 1893 hae
215 1861 390 1895 colluvione
412 1862 550 1893 colorum
574 1865 721 1893 nascatur
742 1862 905 1902 quisquam
926 1861 1018 1892 facile
1040 1861 1164 1892 dixerit.
1207 1860 1343 1901 sulpuris
1357 1864 1461 1891 autem
1477 1860 1554 1891 odor
1576 1861 1649 1901 quin
1671 1864 1754 1891 recte

132 1918 285 1949 tribuatur
306 1928 422 1958 aquae,
457 1928 551 1958 quam
573 1918 766 1959 sulpuratam
795 1927 864 1949 esse
893 1918 1047 1958 hodieque
1076 1920 1211 1956 constat,
1245 1916 1380 1947 dubitari
1408 1917 1528 1957 nequit:
1563 1916 1600 1948 cf.
1624 1915 1756 1947 Abeken

133 1974 342 2006 Mittelitalien
364 1985 394 2015 p.
417 1974 466 2007 16.
510 1974 627 2005 nullam
648 1977 752 2005 autem
774 1973 867 2005 fidem
889 1974 1006 2005 habent
1028 1983 1108 2013 quae
1130 1973 1162 2003 in
1184 1973 1212 2003 A
1234 1973 1394 2013 leguntur,
1418 1976 1502 2004 color
1524 1975 1660 2003 caeruleo
1684 1974 1757 2002 albi-

134 2032 203 2061 dior
224 2036 251 2061 et
271 2034 405 2069 pressior
426 2033 555 2068 sulpure.
597 2040 671 2061 nam
701 2033 731 2061 et
758 2030 887 2061 viridior
915 2034 1032 2061 temere
1054 2030 1094 2060 ab
1118 2029 1236 2060 editore
1259 2029 1407 2060 omissum
1429 2032 1458 2059 et
1480 2032 1600 2067 sulpure
1621 2038 1676 2069 pro
1699 2031 1757 2058 sul-

133 2089 218 2125 puris
242 2089 369 2127 propter
389 2086 635 2127 comparativum
654 2089 789 2125 pressior
809 2096 976 2127 perperam
997 2087 1144 2127 scriptum
1167 2088 1223 2116 est.
1267 2084 1448 2125 relinquitur
1470 2085 1563 2125 igitur
1582 2084 1657 2115 illud
1674 2083 1757 2124 quod

133 2141 167 2173 in
188 2143 220 2173 M
243 2142 391 2183 scriptum
412 2146 476 2182 est,
511 2145 596 2174 color
623 2146 742 2173 caerulo
771 2145 902 2173 albidior
928 2145 1054 2173 viridior
1082 2148 1109 2172 et
1135 2144 1274 2180 pressior.
1319 2144 1350 2172 et
1371 2150 1513 2181 pressum
1536 2140 1661 2181 quidem
1683 2140 1757 2180 quid

135 2198 176 2230 sit
197 2198 229 2229 in
251 2198 364 2239 colore,
387 2199 483 2239 longa
505 2198 714 2239 disputatione
737 2199 896 2239 explicare
917 2198 1034 2230 studuit
1046 2198 1219 2229 Salmasius
1242 2197 1274 2228 in
1290 2197 1384 2228 Solin.
1408 2207 1438 2237 p.
1453 2196 1523 2229 244.
1568 2206 1755 2237 quamquam

135 2254 248 2286 rectius
271 2254 408 2286 discetur
429 2265 449 2286 3
469 2254 593 2292 Selino,
626 2254 658 2285 in
686 2264 777 2295 quem
805 2254 858 2285 ille
890 2258 1115 2286 commentatus
1137 2257 1200 2292 est,
1234 2253 1284 2292 27,
1308 2253 1347 2285 36
1371 2252 1409 2284 (10
1433 2262 1558 2293 gemma
1579 2252 1756 2294 heliotropii

137 2312 226 2341 viridi
247 2314 347 2342 colore
369 2317 397 2341 et
417 2321 475 2342 non
499 2314 541 2342 ita
564 2317 667 2350 acuto,
701 2312 756 2341 sed
786 2313 885 2341 nubilo
915 2314 1010 2348 maqis
1039 2316 1066 2340 et
1093 2319 1231 2348 represso
1272 2314 1392 2347 (presso
1414 2308 1526 2348 Salui.)
1549 2312 1580 2339 et
1602 2318 1621 2339 a
1644 2309 1755 2345 Plinio,

137 2375 230 2406 quem
252 2366 425 2399 Salmasius
447 2367 560 2406 omisit,
583 2377 612 2398 11.
635 2366 665 2399 h.
688 2366 810 2398 XXXV
832 2367 861 2405 6,
884 2366 924 2399 32
943 2369 1019 2398 idem
1040 2369 1165 2404 pretium
1188 2371 1216 2396 el
1237 2368 1298 2395 eius
1321 2364 1507 2405 (Sinopidis)
1530 2375 1606 2404 quae
1623 2368 1756 2404 pressior
