2080 2792
929 281 1252 366 mma..

275 447 326 478 vel
349 444 511 477 Schaet'eri
539 446 620 483 quod
648 446 704 474 stoi
731 453 788 474 non
817 447 933 475 licuerit
962 454 1117 475 accusare.
1163 453 1237 475 nam
1259 448 1385 484 praeter
1406 443 1542 482 reliqua,
1574 452 1654 482 quae
1683 443 1714 474 in
1745 443 1900 474 sententia

274 503 444 534 verborum
472 500 645 538 offendunt,
679 499 807 530 verbum
842 503 942 530 volunt
972 499 1162 530 intellectum
1189 509 1250 531 non
1277 499 1383 531 habet.
1427 508 1527 530 nexus
1549 502 1654 530 autem
1676 499 1899 530 sententiarum

275 558 398 598 flagitat
420 561 453 588 ut
475 557 534 588 hoc
556 556 687 593 dicatur,
710 559 910 587 accusatores
933 555 980 586 ius
1003 555 1193 587 omittendae
1215 555 1424 586 accusationis
1440 555 1599 596 postulare
1618 557 1795 596 propterea,
1818 555 1900 595 quod

275 614 335 645 sibi
357 613 479 645 licuerit
502 612 624 643 omnino
648 621 709 642 non
732 611 892 652 suscipere
916 611 1148 642 accusationem
1171 611 1212 642 ad
1240 621 1329 642 suam
1357 621 1423 642 rem
1450 611 1666 651 pertinentem.
1710 621 1802 651 quam
1831 620 1898 642 sen-

274 670 402 702 tentia-m
424 668 507 700 facili
529 667 699 699 mutatione
722 676 938 707 assequemur,
970 667 996 698 si
1019 667 1184 698 scribimus
1207 671 1255 698 isti
1277 670 1352 697 enim
1375 670 1482 705 quaeri
1503 670 1622 705 nolunt,
1646 670 1728 706 quod
1747 669 1805 698 sibi
1827 670 1899 697 licu-

274 729 330 757 erit
360 736 417 756 non
440 735 594 756 accusare.
637 726 773 754 ceterum
798 722 1014 764 ἐπιστήσατε,
1049 723 1108 754 hoc
1136 727 1184 754 est
1213 725 1367 760 attendite,
1398 733 1437 754 ex
1467 723 1498 754 M
1526 723 1646 754 restitui
1680 733 1736 764 pro
1770 723 1897 763 vulgato

274 780 477 818 ἐπίστασθε,
501 780 533 811 111
554 789 615 820 quo
639 779 826 820 explicando
851 779 965 810 frustra
988 789 1116 819 operam
1140 778 1342 819 perdiderunt
1364 779 1558 819 interpretes.

399 837 454 867 VII
477 836 496 868 9
504 861 511 875 ‚
534 836 553 867 S
587 838 661 865 Nam
683 845 774 874 saepe
795 839 824 866 in
847 839 999 865 multones
1021 845 1137 873 qumque
1159 844 1217 865 non
1240 837 1384 866 historiae
1406 838 1493 866 modo
1517 838 1571 866 sed
1589 845 1684 874 prope
1704 838 1824 874 poetica
1848 838 1899 864 de-

273 896 468 931 scriptionum
490 895 650 922 nec-essitas
672 893 784 921 incidit.
829 891 987 922 incidendi
1010 891 1138 922 verbum
1162 891 1309 922 usitatum
1333 895 1381 922 est
1402 891 1503 922 Plinio
1526 891 1565 922 de-
1589 891 1626 922 iis
1649 900 1729 931 quae
1752 900 1827 922 casu
1851 891 1899 921 vel

275 959 377 980 rerum
399 952 511 979 natura
533 948 576 978 ita
600 947 717 978 terente
740 947 898 978 accidunt:
921 946 958 978 ef.
983 947 1011 977 Π
1034 947 1063 986 6,
1087 947 1121 979 6:
1145 947 1194 986 14,
1219 949 1252 978 1:
1277 947 1323 978 III
1345 949 1374 983 4,
1397 948 1430 983 ὃς
1454 947 1496 978 IV
1519 949 1568 987 11,
1591 947 1645 985 16ς
1670 948 1718 986 17,
1741 947 1775 977 8:
1798 947 1848 986 22,
1866 947 1898 978 5;

277 1005 334 1035 VII
357 1004 412 1043 24,
436 1004 469 1041 ὃς
501 1003 573 1034 VIII
599 1005 650 1042 14,
678 1004 706 1041 1;
738 1003 778 1033 ad
802 1003 885 1033 Trai.
909 1003 963 1041 96,
986 1004 1014 1034 4.
1059 1003 1173 1034 similia
1195 1003 1275 1034 Livii
1303 1004 1449 1044 exempla
1476 1003 1603 1044 collegit
1625 1003 1900 1034 Drakenborchius

276 1061 307 1092 in
331 1060 396 1091 Liv.
420 1060 451 1090 X
475 1060 522 1098 18,
549 1060 595 1090 14.
640 1059 695 1090 sed
719 1059 877 1090 diversum
900 1059 957 1090 hoc
980 1060 1020 1090 ab
1043 1069 1080 1090 eo
1103 1059 1185 1099 quod
1208 1060 1303 1099 vulgo
1326 1059 1439 1090 dicitur
1461 1059 1491 1090 in
1514 1060 1651 1100 aliquam
1673 1069 1737 1090 rem
1754 1058 1899 1097 incidere,

276 1121 309 1147 ut
332 1116 523 1156 significetur
546 1125 595 1146 res
619 1116 649 1146 in
673 1125 764 1155 quam
788 1115 826 1146 de
857 1115 1024 1156 improviso
1052 1115 1235 1146 incurrimus
1270 1116 1317 1146 vel
1350 1116 1543 1156 inplicamur.
1588 1126 1649 1156 qua
1672 1114 1900 1155 significatione

276 1172 337 1203 diei
359 1175 480 1213 poterat
503 1171 658 1202 orationes
682 1172 712 1202 in
737 1171 956 1202 necessitatem
980 1171 1223 1212 descriptionum
1246 1172 1397 1209 incidere3
1420 1172 1593 1203 necessitas
1615 1182 1688 1202 num
1710 1175 1793 1202 recte
1816 1171 1900 1202 dica-

276 1232 325 1259 tur
348 1227 484 1258 incidere
508 1228 538 1258 in
561 1228 717 1258 orationes
741 1227 857 1258 dubito.
901 1238 1003 1267 neque
1025 1227 1201 1258 defenditur
1224 1227 1282 1259 hoc
1306 1237 1342 1259 eo
1365 1229 1448 1268 quod
1470 1228 1590 1259 Plinius
1611 1228 1736 1268 scripsit
1758 1227 1799 1258 ad
1815 1227 1899 1258 Trai.

275 1284 315 1316 56
338 1284 420 1324 (64),
443 1285 461 1314 4
496 1294 564 1313 nam
586 1285 662 1314 haec
683 1293 800 1321 quoque
821 1287 933 1322 species
956 1286 1058 1314 incidit
1081 1287 1108 1313 in
1133 1287 1330 1321 coynitionem
1352 1295 1454 1315 meam.
1499 1294 1595 1324 quare
1618 1284 1739 1315 videtur
1762 1283 1899 1314 scriben-

275 1339 348 1370 dum
371 1349 440 1370 csse
463 1343 490 1369 in
515 1343 650 1370 oratione
671 1350 796 1378 quoque.

398 1395 455 1425 VII
481 1395 533 1434 12,
562 1398 571 1427 1
599 1398 736 1426 Libellum
758 1397 918 1432 formatum
942 1408 959 1425 a
985 1406 1043 1435 me,
1065 1399 1142 1426 sicut
1164 1405 1328 1433 exeqeras,
1358 1406 1416 1434 quo
1440 1399 1553 1426 clinicus
1577 1403 1658 1432 tuus,
1691 1399 1776 1426 immo
1799 1402 1900 1426 noster

279 1453 368 1489 [quid
389 1454 461 1481 enim
483 1461 542 1481 non
567 1461 718 1482 commune
740 1455 825 1482 nobis
836 1452 886 1492 ζ’),
908 1456 933 1481 si
955 1462 1003 1482 res
1021 1458 1171 1490 posceret,
1198 1458 1347 1489 uteretur,
1370 1455 1435 1482 misi
1456 1455 1508 1482 titn'
1531 1455 1596 1482 ideo
1621 1455 1752 1487 tardius,
1776 1462 1810 1481 tte
1832 1458 1900 1482 tem-

272 1517 330 1546 pus
352 1509 527 1537 emendandi
548 1517 628 1543 enm,
653 1511 685 1537 id
706 1515 749 1538 est
772 1510 977 1547 disperdendi,
1001 1510 1134 1538 imber-es.
1179 1510 1299 1538 habebis
1322 1515 1427 1542 tamen,
1450 1520 1489 1538 aiz
1515 1511 1691 1547 emendandi
1712 1511 1822 1542 nescio,
1844 1511 1900 1538 uti-

276 1573 332 1600 que
353 1565 554 1601 disperdendi.
600 1562 688 1604 ὑμεῖς
721 1565 784 1605 γὰρ
815 1564 845 1595 oi
869 1564 995 1604 εἰζηλοι
1018 1567 1126 1602 optima
1150 1574 1285 1602 quaeque
1307 1566 1469 1595 detrahitis.
1513 1567 1596 1601 quod
1623 1567 1648 1594 si
1678 1567 1802 1600 leceris,
1833 1566 1902 1594 boni

277 1622 436 1650 consulam.
477 1626 583 1657 postea
606 1624 680 1650 enlm
704 1624 760 1650 illis
783 1631 821 1651 (ἀ-
844 1623 946 1658 aliqua
970 1623 1130 1651 occasione
1164 1627 1193 1650 ut
1222 1623 1293 1650 meis
1326 1627 1395 1650 utar
1423 1628 1450 1650 et
1478 1623 1618 1657 beneficio
1638 1622 1754 1656 fitstidii
1776 1623 1818 1649 tui
1840 1623 1901 1658 ipse

275 1677 437 1711 laudabor,
478 1681 508 1705 ut
535 1679 564 1705 in
593 1685 626 1706 eo
650 1679 730 1713 quod
750 1679 921 1706 adnotatum
945 1679 1072 1706 invenies
1095 1683 1122 1706 et
1143 1680 1350 1715 suprascripto
1380 1680 1466 1707 aliter
1498 1679 1675 1715 explicitum
1721 1676 1859 1706 libellum
1883 1686 1902 1706 a

277 1740 310 1761 se
334 1730 498 1761 formatum
521 1731 595 1762 dicit
616 1732 734 1763 Plinius
758 1732 929 1763 orationem
952 1742 990 1763 ex
1016 1733 1145 1764 materia
1166 1743 1259 1773 quam
1288 1733 1406 1763 amicus
1430 1733 1617 1773 praebuerat
1639 1732 1805 1772 diligenter
1826 1742 1846 1762 a
1866 1741 1899 1762 se

277 1787 345 1827 ipso
375 1788 582 1827 conpositam:
614 1788 651 1818 ef,
675 1788 721 1818 IX
744 1788 799 1827 36,
825 1789 852 1819 2.
897 1799 967 1819 nam
999 1789 1024 1819 si
1048 1789 1220 1819 orationem
1242 1789 1334 1819 amici
1357 1799 1374 1819 a
1399 1798 1433 1819 se
1455 1792 1642 1824 correcta-m,
1678 1788 1709 1819 id
1731 1788 1813 1828 quod
1836 1787 1899 1828 ple-

277 1852 405 1882 rumque
435 1842 546 1874 dicitur
572 1845 716 1883 sbi-mari,
753 1844 892 1884 intellegi
915 1845 1081 1884 voluisset,
1116 1845 1292 1876 accuratius
1321 1845 1407 1876 cuius
1436 1850 1519 1876 esset
1549 1844 1671 1875 libellus
1702 1843 1901 1875 indicandum

279 1902 354 1929 erat.
388 1899 418 1929 in
442 1909 480 1930 ea
502 1899 596 1939 igitur
618 1900 756 1931 oratione
779 1910 848 1931 eum
870 1901 1025 1940 quaedam
1048 1901 1175 1940 elatius,
1208 1906 1241 1931 ut
1263 1904 1482 1940 consueverat,
1510 1900 1701 1941 scripsisset,
1734 1900 1810 1931 haec
1839 1910 1900 1931 non

278 1954 431 1994 placitura
454 1964 523 1986 esse
546 1955 673 1986 w'debat
694 1956 830 1995 Minicio,
853 1957 954 1987 tenuis
977 1956 1102 1988 dicendi
1125 1957 1251 1997 generis
1278 1957 1408 1988 amatori
1438 1961 1468 1988 et
1496 1957 1590 1987 nimio
1625 1956 1728 1987 studio
1750 1956 1900 1996 quidquid

279 2009 379 2041 minus
401 2011 525 2051 proprie
549 2011 663 2042 dictum
685 2022 755 2043 esse
779 2012 936 2043 videretur
958 2012 1105 2053 fugienti,
1138 2023 1178 2044 ne
1210 2013 1241 2043 in
1270 2013 1346 2044 illud
1368 2013 1476 2043 vitium
1499 2013 1582 2053 quod
1605 2013 1699 2053 vulgo
1722 2013 1900 2053 κακόζηλον

280 2065 426 2096 dicebant
447 2066 606 2097 incideret.
650 2068 828 2108 κακοζήλου
849 2069 930 2099 enim
946 2068 1063 2107 vitium,
1087 2069 1169 2109 quod
1193 2072 1300 2100 malam
1324 2072 1555 2104 adfectationem
1577 2069 1625 2099 vel
1649 2071 1797 2106 quidquid
1820 2071 1899 2099 ultra

279 2124 412 2151 virtutem
435 2128 477 2151 est
498 2122 572 2153 dicit
594 2123 802 2160 Quintilianus
826 2124 898 2154 VIII
922 2125 955 2163 3,
978 2126 1033 2163 56,
1056 2134 1244 2165 quamquam
1267 2125 1329 2156 late
1352 2125 1480 2165 patebat
1503 2125 1586 2165 apud
1609 2125 1763 2163 rhetores,
1789 2128 1822 2155 ut
1844 2124 1900 2155 do-

280 2180 351 2207 cent
373 2177 587 2217 Hermogenes
610 2179 648 2209 de
670 2179 731 2210 inv.
754 2179 797 2209 IV
822 2180 859 2211 12
894 2184 936 2220 (v.
959 2180 1003 2211 III
1027 2191 1056 2221 p.
1081 2181 1141 2212 178
1164 2180 1212 2212 ed.
1236 2181 1354 2219 Walz‘l,
1386 2181 1563 2212 Demetrius
1591 2183 1668 2222 περὶ
1689 2179 1759 2222 ἑρμ.
1789 2182 1817 2218 ξ.
1844 2179 1901 2211 186

281 2233 324 2272 (v.
348 2232 394 2263 IX
416 2243 445 2273 p.
469 2234 508 2265 82
531 2234 579 2264 ed.
604 2234 717 2274 Walz),
740 2235 950 2266 Schneiderus
972 2236 1003 2266 in
1026 2236 1115 2267 Dem.
1138 2237 1157 2267 l.
1182 2246 1219 2273 c.,
1242 2237 1378 2267 maxime
1401 2242 1504 2267 tamen
1527 2237 1558 2267 in
1580 2236 1731 2267 tumidum
1755 2240 1785 2267 et
1807 2235 1900 2267 nimio

280 2292 391 2319 ornatu
412 2292 587 2330 corruptum
610 2290 712 2321 stilum
736 2291 833 2329 cadit3
863 2301 962 2332 eoque
990 2292 1113 2323 nomine
1142 2295 1301 2323 cacozelos
1331 2299 1358 2323 et
1388 2295 1575 2330 antiquarios
1598 2299 1628 2322 nt
1651 2295 1770 2322 diverso
1792 2301 1900 2329 cenet-e

279 2347 402 2375 vitiosos
424 2344 503 2375 dixit
524 2344 690 2377 Suetonius
711 2347 791 2387 Aug.
814 2348 869 2385 86,
903 2352 933 2379 et
962 2348 1148 2379 contrariam
1178 2348 1248 2380 huic
1273 2349 1346 2380 vitio
1375 2349 1518 2379 virtutem
1541 2346 1692 2389 εὗζηλίαν
1714 2348 1899 2379 Plutarchus
