2080 2792
783 297 1105 342 &ww-

131 423 231 462 tione,
264 431 326 462 qua
352 421 431 452 mira
457 419 591 451 fluminis
614 420 701 460 origo
724 420 924 458 describitur3
958 420 1014 451 sed
1037 419 1162 460 scripsit
1183 418 1302 450 Plinius
1328 420 1461 449 Clitumni
1480 418 1597 453 sontem.
1641 416 1755 447 deinde

133 488 204 510 cum
226 477 342 509 Aldina
364 477 501 508 editione
523 475 723 507 scribendum
748 479 796 508 est
818 479 1024 514 eluctatusque
1042 477 1118 512 facit
1140 477 1303 513 yurqitem,
1337 477 1387 512 qui
1412 477 1471 504 lato
1494 476 1606 511 yremio
1624 476 1754 511 putescit

130 545 226 574 purus
248 539 277 564 et
299 536 424 570 vitreus,
459 542 521 563 non
544 535 747 570 eluctatusque
768 543 851 571 quem
877 534 957 569 facit
983 535 1129 569 yuryitem
1152 534 1211 561 lato
1233 533 1346 569 yremio
1370 533 1448 569 010,
1482 533 1515 560 ut
1537 533 1584 560 est
1606 529 1636 559 in
1659 529 1755 560 Medi-

135 600 190 622 ceo
213 589 332 621 codice.
376 598 449 619 nam
473 591 502 618 et
525 587 601 618 ordo
624 587 841 628 descriptionis
864 588 922 619 11οο
944 587 1096 629 postulat,
1129 591 1161 618 ut
1190 586 1323 627 primum
1351 585 1508 626 gurgitem
1537 585 1603 616 fieri
1625 585 1755 623 dicatur,

136 645 249 678 deinde
272 643 405 685 gurgitis
427 647 540 674 natura
561 643 765 683 describatur,
788 654 889 685 neque
911 648 973 675 tam
992 643 1160 674 artificiosa
1184 642 1357 673 elocutione
1380 641 1411 672 in
1432 641 1570 672 relativis
1595 641 1756 672 sententiis

135 702 230 733 utitur
241 700 422 731 Plinius—
444 699 490 730 Ib.
513 700 541 737 ξ».
556 699 576 731 6
598 703 681 730 10010
705 699 802 731 edidit
817 700 939 731 Cortius
962 701 1105 730 balineum
1119 701 1304 737 Hispellates,
1328 700 1433 736 quibus
1454 700 1531 727 illum
1553 700 1647 727 locum
1671 699 1756 727 divus

137 761 288 795 Auyustus
301 758 380 787 dono
394 758 484 792 dedit,
504 757 623 794 publice
637 758 792 794 praebent,
815 758 960 795 praebent
978 761 1005 785 et
1021 757 1187 793 hospitium,
1210 763 1396 794 quamquam
1414 763 1472 784 nec
1485 753 1618 784 Medicei
1640 752 1757 784 codicis

136 813 216 844 haee
230 813 385 853 scriptura
398 815 454 851 est,
478 811 557 842 sicut
570 811 622 842 ille
640 811 770 852 putabat
792 819 878 851 (nam
901 812 931 842 in
954 821 990 841 eo
1014 811 1162 842 omissum
1185 814 1233 842 est
1254 810 1311 850 et),
1334 819 1433 849 neque
1445 809 1578 840 Aldinae
1602 808 1756 847 editionis,

137 879 217 910 quae
240 869 336 899 habet
354 870 473 905 publice
491 870 637 906 praebent
658 874 686 898 et
708 870 876 906 hospitium.
921 867 977 898 sed
1000 867 1079 898 solet
1101 867 1144 898 ita
1167 866 1251 907 loqui
1273 865 1401 902 Plinius,
1425 869 1457 896 ut
1480 865 1574 896 verbo
1599 875 1638 896 ex
1655 865 1756 906 priore

136 928 225 966 parte
249 924 422 956 sententiae
444 923 576 964 repetito
597 927 662 954 tum
684 923 817 954 subiciat
839 930 880 963 et,
915 933 985 954 011111
1012 923 1130 964 pariter
1160 922 1236 953 illud
1258 922 1299 952 ad
1321 925 1482 961 utramque
1506 931 1571 952 rem
1592 921 1757 962 pertinere,

138 991 200 1012 non
223 980 351 1021 gravius
373 989 443 1011 esse
467 979 545 1010 illud
567 979 649 1019 quod
672 979 797 1010 additur
818 979 988 1019 significan
1012 989 1111 1019 neque
1135 979 1216 1010 enim
1239 977 1393 1018 augendi,
1417 977 1473 1008 sed
1495 977 1650 1018 aequandi
1673 981 1758 1018 1101οψ

142 1040 255 1069 statem
279 1036 373 1067 habet
395 1041 436 1072 et,
460 1035 512 1066 ubi
534 1045 589 1076 pro
612 1039 699 1066 etiam
720 1035 854 1076 positum
878 1045 948 1066 esse
972 1035 1065 1075 vulgo
1088 1035 1212 1066 dicitur:
1240 1034 1277 1065 cf.
1300 1034 1346 1064 ΠΙ
1369 1035 1422 1074 16,
1447 1034 1465 1065 3
1488 1036 1663 1072 aeqrotabat
1688 1037 1759 1064 Cae—

140 1096 207 1124 cina
232 1094 353 1128 Paetus,
388 1094 511 1121 moritus
534 1095 612 1128 eius,
653 1094 832 1129 aegrotabat
853 1099 881 1121 et
901 1094 1000 1129 filius,·
1036 1091 1063 1122 V
1087 1092 1125 1123 14
1147 1091 1232 1132 (15),
1255 1091 1289 1128 ὃς
1329 1090 1376 1129 17,
1401 1091 1435 1122 5:
1466 1090 1523 1120 VII
1550 1092 1595 1129 11,
1618 1090 1651 1128 4,
1685 1089 1759 1120 VIII

144 1149 202 1189 18,
225 1149 254 1181 7.
298 1147 412 1179 addam
448 1147 526 1179 duos
562 1147 664 1187 locos,
697 1147 729 1178 in
766 1147 877 1188 quibus
912 1154 939 1178 et
969 1147 1146 1178 addendum
1182 1150 1229 1178 est
1266 1146 1449 1177 auctoritate
1482 1146 1643 1185 librorum,
1688 1145 1761 1176 VIII

140 1205 197 1244 21,
220 1205 239 1237 3
262 1206 368 1234 addida·
387 1206 465 1234 hunc
490 1207 622 1235 ordinem
644 1214 689 1234 me
709 1210 736 1234 et
761 1207 806 1239 (et
828 1214 887 1235 om.
910 1203 950 1243 M,
974 1203 1045 1234 add.
1069 1204 1109 1244 A)
1139 1206 1168 1233 in
1198 1204 1355 1234 scribendo
1383 1205 1482 1241 sequi,
1512 1208 1543 1232 ut
1570 1205 1760 1233 necessitates

141 1263 354 1299 voluptatibus,
388 1262 466 1290 seria
487 1262 625 1290 iucundis
648 1262 840 1299 anteferrem,
873 1259 931 1290 hoc
960 1263 1007 1290 est
1035 1263 1066 1290 et
1087 1259 1117 1290 in
1140 1259 1301 1290 recitando
1324 1261 1354 1289 et
1376 1258 1406 1288 in
1430 1257 1608 1292 scribendo:
1642 1258 1688 1288 IX
1713 1258 1759 1295 13,

142 1317 182 1349 17
204 1319 279 1347 idem
304 1319 376 1346 enim
400 1325 472 1355 nos,
506 1319 557 1354 qui
578 1318 648 1346 bene
669 1319 809 1347 sentimus
832 1319 868 1346 cle
891 1318 1023 1352 homine,
1052 1322 1080 1346 et
1109 1320 1154 1347 (et
1174 1325 1233 1346 om.
1258 1315 1330 1354 DA,
1353 1314 1425 1345 add.
1448 1314 1493 1351 M)
1523 1317 1685 1345 iudicaturi
1712 1325 1760 1344 su-

141 1383 222 1403 mus:
244 1375 270 1402 si
292 1375 432 1403 innocens
453 1378 512 1409 est,
535 1375 612 1403 sicut
634 1378 662 1402 et
687 1373 732 1411 (et
754 1382 814 1403 om.
837 1372 882 1411 Μ,
906 1371 977 1402 add.
1002 1371 1073 1411 DA)
1104 1381 1193 1410 spero
1217 1377 1245 1401 et
1266 1374 1343 1401 malo
1367 1377 1407 1407 et,
1443 1373 1537 1401 donec
1560 1373 1675 1409 aliquid
1691 1379 1761 1408 pro-

143 1430 244 1468 betur,
268 1430 374 1464 credo,
397 1430 531 1466 poteritis
553 1431 714 1459 absolvere.

266 1483 340 1514 VIII
362 1484 416 1523 14,
439 1484 458 1516 6
482 1485 599 1515 Omnem
622 1487 749 1522 denique
771 1486 947 1514 senatorium
971 1493 1090 1521 moretm
1114 1485 1196 1521 quod
1213 1485 1411 1520 fidelissimum
1431 1484 1637 1521 praecipiendi
1659 1492 1761 1521 yenus,

144 1542 285 1578 exemptis
308 1542 500 1571 docebantur.
543 1550 605 1571 non
627 1540 727 1571 solum
750 1543 875 1580 propter
897 1539 1112 1570 auctoritatem
1135 1538 1322 1579 scripturae,
1351 1539 1408 1569 sed
1430 1539 1523 1570 etiam
1545 1543 1670 1580 propter
1693 1548 1761 1570 sen-

146 1595 275 1626 tentiam
299 1596 464 1627 verborum
493 1606 550 1637 pro
576 1599 791 1636 fidelissimum⁷
827 1595 910 1635 quod
938 1605 978 1626 ex
1004 1596 1031 1626 A
1060 1595 1154 1635 vulgo
1182 1598 1341 1636 receptum
1370 1598 1430 1634 est,
1464 1595 1687 1626 restituendum
1716 1598 1764 1626 est

140 1654 331 1692 fidissimum,
368 1652 451 1692 quod
478 1652 574 1683 habet
595 1652 636 1683 M.
681 1652 720 1682 de
748 1651 923 1682 differentia
955 1655 1059 1682 autem
1079 1651 1239 1691 utriusque
1260 1651 1404 1682 vocabuli
1425 1661 1517 1691 quam
1540 1651 1668 1682 multum
1691 1651 1763 1682 inde

146 1707 187 1739 ab
209 1707 337 1748 antiquo
360 1711 500 1748 tempore
523 1708 698 1748 quaesitum
720 1708 769 1748 sit,
793 1708 896 1739 dicere
918 1707 995 1738 nihil
1022 1707 1140 1738 attinet.
1184 1707 1365 1748 plerumque
1388 1707 1470 1738 enim
1491 1707 1549 1738 riri
1571 1707 1663 1747 docti,
1686 1707 1766 1739 sicut

146 1763 213 1795 fieri
236 1764 315 1795 solet
336 1764 368 1794 in
390 1763 481 1794 huius
510 1764 594 1795 modi
621 1763 869 1804 quaestionibus,
899 1763 1020 1794 subtilis
1049 1763 1209 1794 cuiusdam
1238 1762 1424 1794 discriminis
1453 1763 1630 1795 inveniendi
1661 1764 1764 1795 studio

147 1829 240 1860 quam
263 1819 445 1851 auctoritate
468 1820 616 1851 librorum
637 1829 671 1850 se
695 1819 766 1850 duci
787 1819 970 1850 maluerunt.
1014 1818 1097 1859 quod
1124 1819 1238 1850 accidit
1260 1819 1354 1850 etiam
1375 1819 1487 1851 Wexio
1509 1819 1540 1850 in
1562 1820 1635 1851 Tac.
1659 1820 1764 1860 Agric.

146 1885 171 1907 0.
197 1876 236 1908 19
258 1886 287 1917 p.
311 1876 367 1915 78,
394 1876 447 1906 ubi
466 1878 665 1913 fidelissimum
688 1885 750 1906 non
771 1875 921 1906 maiorem
942 1874 1035 1906 fidem
1058 1885 1077 1906 a
1099 1875 1272 1906 Puteolano
1295 1875 1405 1916 1131101,
1438 1886 1530 1916 quam
1552 1876 1610 1907 1100
1633 1876 1700 1907 loco
1724 1876 1764 1907 ab

146 1931 237 1963 Aldo.
281 1931 337 1963 sed
359 1941 428 1963 cum
448 1934 545 1969 fidelis
566 1931 690 1972 proprie
713 1931 834 1962 dicatur
855 1931 882 1962 is
903 1931 954 1971 qui
976 1931 1069 1962 fidem
1092 1931 1188 1962 habet
1209 1931 1296 1971 31115,
1326 1935 1357 1962 01
1384 1931 1454 1963 111110
1487 1932 1673 1963 contrarium
1702 1936 1765 1968 infi-

145 1990 218 2018 delis
239 1987 266 2018 is
289 1987 341 2028 qui
362 1987 455 2018 fidem
477 1997 539 2019 non
561 1987 672 2027 habet,
704 1990 783 2024 fidus
816 1991 920 2018 autem
948 1987 974 2018 is
1001 1987 1050 2018 eui
1078 1987 1155 2018 fides
1184 1987 1293 2018 haberi
1322 1987 1415 2019 debet
1437 1991 1467 2019 et
1489 1990 1594 2025 infidus
1616 1988 1664 2019 cui
1686 1988 1764 2020 fides

145 2043 292 2074 habenda
312 2053 374 2075 non
398 2047 461 2083 est,
499 2043 631 2084 adparet
662 2046 759 2081 fidelis
786 2043 836 2074 vel
867 2045 992 2080 infidelis
1021 2043 1062 2074 ad
1082 2053 1132 2075 res
1154 2043 1314 2074 transferri
1336 2053 1397 2075 non
1418 2054 1526 2085 posse,
1559 2044 1618 2075 nisi
1640 2044 1765 2084 quando

145 2109 202 2131 eae
225 2109 427 2140 personarum
450 2099 550 2131 vicem
583 2099 755 2139 induerint,
788 2099 868 2130 sicut
902 2099 1022 2130 locutus
1051 2103 1098 2130 est
1127 2099 1245 2131 Plinius
1272 2110 1343 2140 pan.
1366 2101 1421 2140 45,
1445 2100 1464 2132 6
1499 2103 1607 2139 quippe
1641 2103 1766 2137 infidelis

146 2158 222 2186 recti
241 2158 383 2193 mayister
404 2161 448 2186 est
469 2161 560 2186 metus
569 2166 580 2192 ,·
612 2158 692 2192 fidus
723 2158 827 2186 autem
861 2158 892 2186 et
912 2158 1021 2193 infidus
1042 2155 1082 2186 de
1104 2155 1196 2187 rebus
1218 2165 1279 2186 non
1301 2155 1400 2187 minus
1423 2159 1505 2187 recte
1528 2156 1590 2187 dici
1612 2166 1704 2197 quam
1726 2157 1765 2188 de

145 2210 331 2251 hominibus,
353 2221 425 2252 pan.
448 2211 504 2251 49,
528 2211 547 2244 3
567 2214 739 2248 fidissimam
761 2221 824 2242 esse
846 2214 1013 2243 custodiam
1033 2214 1179 2250 principis
1201 2215 1294 2251 ipsius
1316 2215 1529 2249 innocentiam3
1559 2221 1606 2253 ep.
1631 2212 1645 2243 I
1667 2213 1701 2253 5,
1726 2213 1765 2246 16

145 2270 247 2305 qratia
270 2270 416 2299 malorum
439 2272 497 2298 tam
520 2270 613 2305 infida
635 2274 679 2298 est
700 2278 787 2305 quam
811 2271 885 2306 ipsis
908 2277 979 2308 pan.
1003 2267 1058 2307 66,
1081 2268 1100 2300 3
1122 2270 1244 2305 infidum
1266 2278 1357 2299 mare.

266 2323 342 2354 VIII
364 2324 413 2362 17,
435 2323 454 2356 3
491 2326 584 2360 Anio,
615 2325 840 2355 delicatissimus
868 2327 996 2354 amnium
1032 2325 1159 2361 ideoque
1187 2326 1392 2355 adiacentibus
1424 2327 1500 2355 villis
1528 2327 1605 2355 velut
1626 2327 1766 2356 invitatus

1301 2380 1320 2412 3
