2080 2792
822 324 858 331 -κ
861 320 899 332 »ἢκ
961 295 1007 340 13
1066 318 1146 331 ’γρυπὴ-

170 419 330 460 scripserit
352 429 387 449 ne
408 422 586 450 conveniunt
608 420 733 458 quidem.
776 427 849 448 nam
872 421 925 448 aut
947 417 1064 448 omissa
1086 416 1198 457 copula
1221 416 1252 447 in
1275 416 1390 447 talibus
1418 427 1453 446 ne
1475 418 1590 454 quidem
1614 416 1716 456 posuit
1738 416 1799 447 Pli-

169 475 256 514 nius,
290 475 320 505 Π
343 475 379 515 3,
404 475 438 514 33
477 475 507 506 II
530 476 586 515 14,
609 476 645 513 ῖς
679 474 722 505 VI
747 475 802 513 15,
826 474 861 512 13
896 473 954 504 VH
976 473 1032 513 27,
1055 474 1109 512 15,
1144 472 1196 503 ubi
1225 482 1286 503 non
1315 473 1416 503 minus
1438 482 1587 513 perverso
1610 472 1724 503 iudicio
1747 472 1796 503 vel

173 535 280 562 contra
303 530 427 562 codices
457 541 513 561 nec
546 541 600 569 eqo
634 533 750 569 quidem
778 530 875 561 voluit
897 529 1034 567 Cortius3
1066 532 1119 560 aut
1153 528 1405 568 frequentissima
1437 528 1570 559 formula.
1598 538 1671 559 usus
1705 539 1743 559 ac
1764 538 1800 558 ne

171 589 286 626 quidem
317 586 406 617 dixit.
450 589 630 627 praeterea,
668 586 815 626 quoniam
838 585 914 616 illud
938 585 1032 616 etiam
1054 594 1124 615 eum
1148 584 1207 615 hac
1230 584 1413 625 quaestione
1437 585 1635 616 coniunctum
1658 588 1721 624 est,
1745 594 1800 615 nec

171 643 220 674 vel
243 653 336 682 neque
358 643 389 673 in
412 642 516 674 media
538 643 693 674 sententia
715 642 850 683 positum
874 652 913 672 ea
935 640 1178 681 significatione,
1202 650 1264 680 qua
1286 641 1403 672 omissa
1424 640 1592 680 negatione
1613 640 1799 681 saepissime

170 705 198 730 et
222 709 278 740 pro
300 701 387 729 etiam
410 698 526 729 dictum
547 702 607 737 est,
631 699 662 729 in
686 698 827 739 epistulis
850 707 1018 737 numquam
1040 696 1119 727 dixit
1142 696 1275 736 Plinius,
1310 697 1367 727 sed
1390 707 1445 737 pro
1470 706 1507 727 eo
1530 696 1655 737 scripsit
1677 706 1714 726 ne
1736 699 1798 734 qm·-

171 758 245 786 dem.
289 765 361 786 nam
384 755 541 786 diversum
565 755 604 786 ab
627 755 685 785 hoc
710 764 767 785 usu
791 757 838 785 est
870 754 900 783 ΙΙ
923 753 956 792 2,
979 754 998 785 3
1031 755 1104 784 illud
1132 756 1205 783 euim
1228 763 1282 783 nec
1304 756 1336 783 di
1357 756 1469 790 sinaut,
1504 752 1587 793 quod
1610 762 1649 783 ex
1672 752 1798 792 antiquo

169 821 312 842 sermone
345 815 502 842 servatum
532 820 602 842 esse
630 810 709 841 vidit
737 810 771 841 C.
795 810 830 840 F.
854 809 902 840 W.
925 809 1092 840 Muellerus
1116 808 1194 839 Mus.
1218 809 1316 839 Rhen.
1349 809 1465 839 noviss.
1489 819 1517 839 v.
1543 808 1605 839 XX
1635 810 1677 849 (a.
1707 809 1796 848 1865)

169 877 199 908 p.
224 868 300 907 157,
323 867 373 898 vel
394 869 516 897 necdum
540 877 595 907 pro
618 869 745 897 nondum
768 876 840 906 pan.
870 866 919 905 14,
943 867 960 897 1
984 871 1012 895 et
1033 867 1155 896 necdum
1179 868 1342 903 imperator
1365 868 1488 895 necdum
1512 867 1559 895 dez·
1578 868 1655 902 lilius
1677 875 1745 895 eras
1768 868 1798 895 et

169 924 224 963 50,
247 925 266 955 ‘2
289 930 316 954 et
337 926 460 954 necdum
484 926 520 953 de
543 926 660 953 hiennio
683 926 798 961 loquor.
843 922 874 952 in
907 921 1100 962 panegyrico
1130 924 1236 952 tamen
1267 921 1363 952 semel
1396 922 1440 952 ita
1462 921 1578 952 dictum
1601 921 1726 951 invenio
1748 931 1797 951 ne-

170 989 239 1019 que,
262 980 317 1019 16,
340 980 358 1011 3
388 991 456 1010 nam
486 986 517 1010 ut
547 983 609 1018 ipse
638 982 712 1009 nolis
735 988 874 1017 puqnare
902 980 1086 1017 moderatio,
1118 980 1266 1013 fortitudo
1294 983 1345 1008 tua
1372 983 1509 1016 praestat
1531 984 1561 1008 ιιι
1583 987 1676 1015 neque
1698 980 1798 1007 hostes

170 1039 212 1066 tui
234 1039 336 1072 velint,
364 1035 447 1075 quod
475 1036 621 1076 quoniam
644 1034 828 1075 aequalibus
852 1034 1054 1074 scriptoribus
1078 1034 1224 1065 usitatum
1247 1038 1308 1072 est,
1342 1043 1404 1064 non
1426 1037 1519 1064 muto.
1564 1033 1621 1064 sed
1643 1033 1732 1073 epist.
1757 1032 1797 1064 ad

169 1092 253 1123 Trai.
277 1092 318 1124 54
340 1092 425 1132 (62),
448 1092 468 1123 2
494 1102 556 1123 non
586 1091 723 1122 debebat
746 1090 871 1131 probari
895 1090 1001 1121 Orellii
1026 1090 1205 1120 coniectura
1233 1096 1260 1120 et
1286 1093 1312 1120 si
1333 1100 1387 1120 nec
1408 1093 1453 1120 sic
1476 1093 1662 1128 reperiuntur
1684 1099 1740 1130 pro
1761 1099 1797 1120 ne

168 1151 222 1187 sic,
243 1148 326 1188 quod
348 1148 465 1179 habent
487 1147 613 1179 Avantii
636 1150 667 1177 et
684 1147 757 1177 Aldi
781 1146 944 1185 editiones,
968 1146 1024 1176 sed
1046 1146 1271 1177 restituendum
1294 1150 1341 1177 est
1363 1145 1446 1186 quod
1469 1145 1593 1186 scripsit
1606 1146 1795 1185 Catanaeus,

171 1210 198 1234 et
219 1207 245 1235 si
266 1214 301 1234 ne
323 1207 367 1235 sic
388 1206 503 1242 quidem
524 1207 721 1242 reperiuntur.

294 1260 336 1291 VI
354 1261 404 1299 31,
423 1260 442 1292 9
467 1264 489 1290 Α
507 1267 596 1298 parte
608 1262 746 1290 heredum
759 1262 942 1289 intraverunt
960 1260 1018 1288 (luo
1036 1261 1172 1289 omnino:
1190 1261 1415 1297 postulaverunt
1437 1268 1537 1289 omnes
1559 1260 1682 1288 heredes
1707 1268 1798 1296 ayere

170 1323 362 1355 coqerentur,
391 1326 455 1347 cnm
484 1318 653 1347 detulissent
682 1326 797 1353 omnes,
835 1320 886 1344 aut
912 1317 969 1345 sibi
997 1324 1111 1352 quoque
1141 1317 1280 1344 desistere
1298 1318 1527 1352 permitteretur.
1572 1314 1704 1345 heredes
1726 1314 1796 1345 Iulii

168 1372 290 1404 Tironis
312 1372 516 1403 communiter
538 1373 672 1413 epistula
694 1372 819 1412 scripta,
843 1374 876 1401 ut
897 1371 941 1401 ait
964 1370 1091 1410 Plinius,
1115 1370 1155 1401 ab
1178 1370 1367 1411 imperatore
1390 1371 1564 1411 petiverant
1586 1373 1620 1400 ut
1643 1370 1795 1410 cognitio-

169 1438 241 1459 nem
276 1428 314 1459 de
348 1428 435 1459 falsis
469 1429 619 1460 codicillis
649 1431 756 1459 contra
777 1426 995 1467 Sempronium
1018 1425 1224 1457 Senecionem
1254 1427 1389 1466 equitem
1411 1427 1584 1457 Romanum
1609 1429 1640 1456 et
1664 1426 1798 1467 Euryth-

170 1494 264 1524 mum,
286 1484 430 1515 libertum
449 1495 538 1516 suum
556 1488 586 1516 et
604 1487 845 1525 procuratorem,
869 1483 1050 1523 susciperet.
1094 1492 1168 1513 mox
1186 1492 1255 1513 cum
1277 1483 1403 1522 quidam
1427 1493 1466 1513 ex
1488 1483 1549 1513 illis
1567 1482 1797 1513 accusationem

170 1541 346 1572 omitterent
367 1544 398 1571 et
420 1541 601 1572 dilationem
623 1540 801 1581 petentibus
823 1539 992 1580 imperator
1014 1538 1210 1578 indulsisset,
1244 1539 1375 1569 actionis
1405 1539 1456 1570 die
1483 1539 1545 1569 duo
1568 1548 1606 1569 ex
1630 1538 1797 1570 heredibus

168 1597 327 1638 postulant
348 1600 381 1627 ut
404 1601 457 1628 aut
480 1597 524 1628 illi
547 1597 598 1637 qui
621 1596 762 1627 omittere
785 1594 1017 1626 accusationem
1040 1595 1187 1625 volebant
1220 1605 1316 1635 agere
1347 1599 1533 1635 cogerentur
1563 1598 1617 1625 aut
1640 1594 1698 1625 sibi
1721 1604 1795 1634 quo-

169 1663 229 1694 que
254 1653 406 1684 desistere
428 1653 667 1694 permitteretur.
706 1652 738 1682 in
760 1652 814 1682 tali
837 1651 991 1681 sententia
1013 1654 1116 1682 autem
1138 1651 1186 1682 bis
1209 1651 1282 1691 poni
1306 1658 1356 1682 aut
1379 1652 1563 1692 particulam
1585 1660 1716 1681 necesse
1740 1654 1796 1690 est,

167 1712 391 1748 postulaverunt
414 1715 466 1739 emt
488 1719 586 1739 omnes
609 1727 649 1730 —
672 1714 723 1738 aut
746 1710 802 1738 sibi
823 1718 938 1745 quoque
959 1711 1033 1747 etc„
1067 1707 1150 1747 quod
1178 1707 1249 1747 ipsa
1278 1708 1425 1739 librorum
1449 1707 1603 1748 scriptura
1624 1706 1795 1746 confirmat,

167 1768 394 1804 postulaverunt
414 1772 445 1795 ut
467 1775 566 1796 omnes
588 1765 663 1804 DA,
695 1768 918 1803 postulaverunt
946 1773 1044 1794 omnes
1066 1763 1106 1794 M.
1137 1763 1194 1794 sed
1221 1764 1366 1804 graviore
1394 1764 1468 1795 vitio
1490 1763 1633 1794 laborant
1655 1772 1693 1793 ea
1714 1771 1795 1802 quae

173 1824 353 1861 sequuntur.
378 1821 598 1862 imperatorem
620 1821 704 1851 enim
725 1820 856 1851 veritum
878 1829 918 1850 ne
942 1820 1058 1851 omissa
1079 1820 1280 1851 accusatione
1302 1820 1370 1861 ipse
1392 1821 1423 1851 in
1447 1819 1656 1860 suspicionem
1679 1818 1795 1849 incide-

170 1881 231 1917 ret,
267 1877 355 1917 quasi
378 1877 550 1917 Eurythmo
578 1877 712 1916 faveret,
746 1886 812 1907 rem
841 1876 883 1907 ad
909 1876 1073 1907 consilium
1095 1875 1251 1906 rettulisse
1273 1877 1378 1905 narrat
1400 1876 1528 1907 Plinius.
1573 1877 1656 1911 dein,
1688 1874 1795 1914 inquit,

171 1943 330 1964 conversus
353 1936 395 1963 ad
414 1943 469 1963 nos
491 1931 691 1975 ἐπιστήσατε
712 1935 784 1970 quid
804 1934 909 1968 facere
931 1934 1096 1963 debeamus.
1141 1935 1190 1962 isti
1213 1934 1285 1961 enim
1310 1933 1394 1968 queri
1416 1933 1521 1962 volunt,
1545 1933 1626 1966 quod
1646 1933 1702 1960 sibi
1723 1933 1795 1961 licu-

171 1992 227 2020 erit
248 1999 308 2020 non
331 1999 485 2020 accusare.
530 1989 573 2020 ita
595 1989 678 2020 enim
701 1989 778 2020 haec
800 1988 832 2019 in
855 1988 942 2019 libris
966 1988 1081 2028 scripta
1103 1992 1188 2027 sunt,
1220 1987 1280 2017 nisi
1309 1985 1392 2026 quod
1415 1996 1634 2027 επιστησαται
1655 1986 1704 2026 Μ,
1729 1984 1795 2018 ἐνι-

172 2045 316 2086 στήσατε
337 2045 380 2085 D,
402 2044 590 2077 ἐπίστασθε
611 2046 652 2085 Α,
676 2049 707 2076 et
728 2048 833 2083 quaeri
854 2045 895 2075 M.
938 2044 1094 2085 perversis
1117 2047 1221 2074 autem
1243 2043 1360 2074 artibus
1383 2043 1430 2073 usi
1452 2045 1522 2073 sunt
1544 2042 1738 2082 interpretes,
1762 2045 1795 2073 ut

170 2105 275 2142 aptam
294 2101 479 2132 sententiam
496 2101 599 2132 verbis
612 2101 769 2141 elicerent,
792 2104 991 2132 accusatores
1009 2100 1268 2140 tergiversatione
1286 2109 1343 2130 sua
1358 2098 1390 2129 id
1403 2107 1508 2138 agere,
1532 2102 1564 2128 ut
1579 2102 1690 2138 postea
1703 2098 1792 2138 queri

171 2161 301 2198 possent
322 2157 392 2189 ideo
417 2158 476 2189 sibi
498 2158 685 2198 permissum
707 2167 777 2188 esse
800 2167 864 2188 rem
888 2157 1038 2196 omittere,
1061 2166 1101 2187 ne
1124 2155 1270 2187 Caesaris
1292 2155 1422 2186 libertus
1445 2154 1475 2185 in
1496 2154 1645 2185 iudicium
1666 2163 1793 2185 vocare—

171 2216 229 2244 tur.
253 2223 324 2244 nam
342 2223 442 2254 neque
461 2213 559 2244 omitti
578 2213 609 2244 in
631 2213 689 2244 hac
712 2213 867 2244 sententia
889 2216 1011 2254 poterat
1032 2212 1109 2243 illud
1131 2211 1214 2251 quod
1229 2221 1381 2242 summum
1405 2214 1471 2241 erat
1494 2211 1533 2241 de
1556 2210 1658 2250 gratia
1681 2209 1793 2250 liberti,

173 2278 274 2309 neque
296 2269 456 2300 habebant
477 2273 676 2300 accusatores
700 2269 783 2309 quod
806 2272 1020 2309 quererentur,
1042 2268 1102 2299 nisi
1126 2278 1159 2299 se
1182 2271 1308 2298 coactos
1332 2276 1401 2298 esse
1424 2266 1465 2297 ad
1487 2266 1690 2297 omittendum
1712 2266 1794 2296 dice-

173 2324 257 2356 bant.
300 2335 363 2357 non
385 2325 487 2366 magis
511 2325 692 2366 probandae
716 2329 787 2356 sunt
809 2325 1007 2356 coniecturae
1022 2323 1152 2355 Gesneri
1171 2326 1251 2362 quod
1271 2325 1329 2354 sibi
1350 2333 1408 2353 non
1429 2325 1546 2353 licuerit
1567 2332 1626 2352 non
1650 2331 1795 2353 accusare

644 2460 659 2476 0
