2080 2792
802 301 1125 347 Ὗ111501*

148 427 283 468 Lycurg.
307 426 357 464 21,
381 423 398 466 ἡ
422 425 459 456 δὲ
480 427 557 466 περὶ
576 424 635 461 τὰς
658 422 747 467 ᾠδὰς
770 427 825 455 καὶ
846 424 887 454 τὰ
909 424 989 465 μέλη
1011 424 1188 461 παίδευσις
1211 422 1271 463 οὐχ
1296 422 1392 464 ἧττον
1414 420 1641 459 ἐσπουδάζετο
1663 425 1718 463 τῆς
1740 419 1776 454 ἓν

145 486 214 519 τοῖς
236 482 346 521 λόγοις
368 479 515 522 εῧζηλίας
537 483 593 512 καὶ
621 480 873 522 καθαριότητος.
918 479 1024 520 itaque
1052 480 1171 511 Plinius
1200 479 1334 510 amicum
1362 477 1447 509 istud
1475 477 1654 519 κακόζηλον
1682 477 1776 509 anxie

145 538 317 578 fugientem
337 536 444 568 ridens
466 536 510 567 ait
532 546 571 567 ex
594 545 722 567 numero
747 546 816 567 esse
839 538 904 567 τῶν
926 535 1078 578 εῠζήλων.
1121 545 1194 567 nam
1224 535 1307 575 quod
1334 534 1429 574 vulgo
1457 534 1572 573 legitur
1599 532 1691 574 ὑμεῖς
1712 534 1774 575 γὰρ

148 593 180 626 οἱ
203 593 375 634 κακόζηλοι
397 602 499 633 neque
521 596 629 633 aptum
651 592 723 623 huic
745 592 815 623 loco
838 602 939 632 neque
962 602 1001 623 ex
1024 592 1111 623 libris
1134 601 1227 623 manu
1249 590 1390 632 scriptis,
1413 589 1471 621 sed
1494 599 1533 620 cx
1556 589 1692 621 editione
1717 590 1775 621 Ca-

146 650 251 682 tanaei
273 652 433 689 receptum
455 651 511 680 est.
556 648 687 679 eaedem
710 648 741 679 in
764 648 891 688 reliquis
914 648 1048 679 facetiae
1072 651 1151 679 sunt.
1196 648 1234 678 iis
1257 647 1340 678 enim
1368 646 1486 686 verbis,
1515 655 1596 686 quae
1625 646 1677 676 ille
1706 656 1775 686 pro-

148 710 216 747 pter
238 704 366 736 nimium
388 704 568 745 κακοζήλου
591 704 734 735 timorem
756 704 926 735 reiecturus
949 704 998 744 sit,
1021 714 1056 735 se
1079 708 1191 745 postea
1212 703 1276 734 alia
1298 702 1463 734 occasione
1485 702 1596 733 iterum
1618 705 1777 742 tamquam

146 762 211 793 suis
234 771 360 792 usurum
383 764 413 791 et
435 770 548 791 novam
571 759 695 791 laudem
717 770 758 791 ex
780 760 818 791 iis
841 760 901 791 sibi
924 763 1105 801 paraturum
1127 770 1197 791 esse
1220 759 1328 790 scribit
1348 758 1482 796 Plinius3
1506 761 1598 798 atque
1622 758 1720 797 adeo,
1744 761 1777 789 ut

147 817 250 849 studio
274 817 340 848 eius
363 816 560 855 subveniret,
585 826 619 847 se
642 816 747 847 statim
769 816 925 856 quaedam
947 816 1117 847 adnotasse
1141 820 1171 847 et
1194 815 1335 854 exiliora,
1358 824 1438 854 quae
1461 814 1522 845 illis
1546 814 1666 845 scilicet
1688 814 1776 845 tumi-

146 874 195 905 dis
218 873 363 904 substitui
386 876 528 913 possent,
561 872 778 912 adscripsisse.
822 872 853 903 in
876 872 924 903 his
946 872 1080 913 primum
1103 872 1307 903 offensionem
1328 881 1390 902 non
1413 870 1508 901 habet
1530 873 1559 900 in
1583 870 1774 910 praepositio

148 940 219 961 cum
240 928 389 960 laudandi
412 929 508 960 verbo
531 928 710 959 coniuncta:
745 927 783 959 cf.
807 928 935 965 Quintil.
959 928 985 959 V
1011 928 1062 968 12,
1085 928 1125 960 22
1153 931 1276 958 laudari
1304 930 1333 957 in
1357 929 1440 957 bonis
1461 929 1598 965 quadem.
1644 926 1778 958 similem

151 985 392 1027 praepositionis
415 995 504 1016 usum
527 984 558 1015 111
580 984 675 1015 verbo
705 983 882 1015 delectandi
910 994 948 1015 ne
973 984 1115 1015 Ciceroni
1146 984 1270 1024 quidem
1301 982 1544 1014 abiudicandum
1574 992 1644 1013 csse
1673 982 1778 1014 docuit

149 1041 328 1081 Madvigius
361 1041 392 1072 in
423 1041 487 1072 Cic.
517 1041 556 1072 de
587 1040 637 1071 fin.
668 1051 697 1081 p.
717 1041 766 1072 82.
811 1040 925 1071 deinde
954 1043 1103 1071 aduolare
1134 1040 1259 1081 proprie
1296 1039 1408 1070 dieitur
1439 1038 1478 1069 de
1506 1038 1544 1069 iis
1573 1039 1683 1078 quibus
1714 1042 1778 1070 tam

149 1108 243 1138 quam
266 1097 458 1137 corrigendis
481 1100 556 1128 nota
577 1096 759 1137 adponitur:
788 1096 825 1127 ef.
850 1096 927 1127 Plin.
952 1097 965 1127 Ι
986 1098 1020 1136 8,
1042 1097 1076 1135 33
1100 1096 1145 1127 III
1169 1098 1223 1136 13,
1248 1097 1283 1134 ὓς
1307 1095 1334 1126 V
1360 1095 1395 1126 12
1419 1094 1502 1135 (13),
1526 1094 1560 1133 2,
1584 1095 1641 1125 VII
1666 1096 1717 1135 17,
1741 1095 1777 1133 ’ἴς

149 1154 205 1194 20,
232 1156 264 1192 1;
289 1154 334 1184 ΙΧ
358 1153 413 1193 26,
438 1154 466 1185 5.
511 1156 604 1193 atque
627 1153 705 1183 haee
729 1153 853 1193 quidem
875 1153 1110 1194 praemonenda
1132 1162 1201 1183 esse
1225 1152 1425 1191 videbantur,
1455 1151 1601 1191 quoniam
1624 1151 1663 1181 ab
1686 1151 1777 1182 inter-

152 1210 291 1251 pretibus
319 1213 372 1240 aut
401 1219 463 1240 non
492 1212 576 1240 reete
608 1209 768 1240 intellecta
800 1213 853 1240 aut
883 1209 1024 1240 inmerito
1056 1209 1088 1239 in
1118 1208 1328 1249 suspicionem
1359 1210 1472 1239 vocata
1502 1210 1599 1237 erant.
1644 1206 1700 1237 sed
1722 1217 1778 1247 pro

149 1268 357 1305 suprascripto
379 1265 577 1296 scribendum
599 1268 646 1296 est
668 1269 888 1304 superscripto:
923 1266 960 1296 ef.
985 1265 1068 1296 Suet.
1092 1265 1165 1296 Ner.
1187 1264 1227 1296 52
1254 1267 1296 1294 ita
1319 1266 1408 1294 malm
1432 1269 1460 1294 et
1487 1266 1583 1293 deleta
1605 1269 1634 1293 et
1655 1265 1778 1294 inducta

149 1328 177 1353 et
197 1325 402 1361 superscripta
424 1325 550 1352 inerant.
593 1332 687 1360 supra
710 1324 842 1352 scrihere
870 1325 974 1353 autem
1002 1321 1064 1352 alio
1093 1320 1185 1352 modo
1214 1320 1276 1351 diei
1303 1323 1409 1350 notum
1432 1322 1495 1359 est,
1524 1328 1625 1359 neque
1649 1319 1714 1350 veri
1737 1319 1777 1350 si-

151 1379 224 1409 mile
247 1381 295 1409 est
316 1378 357 1409 ab
379 1377 438 1409 hoc
460 1387 517 1409 usu
539 1377 672 1409 Plinium
694 1378 873 1409 recessisse.
919 1378 1032 1409 deinde
1062 1388 1118 1418 pro
1147 1381 1234 1407 aliter
1261 1375 1487 1407 restituendum
1517 1379 1564 1406 est
1592 1378 1662 1405 alio.
1706 1385 1779 1406 nam

151 1444 213 1466 non
236 1434 335 1465 solum
358 1434 540 1465 adverbium
563 1433 691 1465 offendit
712 1434 757 1465 ita
779 1434 928 1475 positum,
957 1437 990 1465 ut
1022 1434 1146 1465 nescias
1169 1443 1230 1473 quo
1253 1433 1422 1473 pertineat,
1459 1431 1516 1462 sed
1539 1431 1632 1462 etiam
1655 1431 1780 1472 partici-

152 1491 238 1532 pium
260 1500 320 1521 non
343 1490 451 1521 addito
474 1490 598 1521 nomine
622 1490 792 1521 insolenter
814 1490 931 1521 dietum
953 1494 1008 1521 est.
1052 1489 1130 1520 vidit
1159 1489 1219 1520 hoc
1241 1488 1406 1528 Barthius,
1436 1487 1579 1528 quamvis
1608 1497 1669 1518 non
1698 1491 1781 1519 recte

153 1546 321 1578 coniecerit
343 1549 402 1577 alio
424 1551 504 1577 recte
526 1549 706 1585 explicitum.
751 1546 884 1586 denique
907 1552 938 1577 ut
959 1550 989 1577 in
1011 1556 1046 1577 eo
1070 1548 1165 1584 quod,
1196 1556 1252 1586 pro
1275 1554 1335 1585 quo
1363 1550 1394 1575 ut
1415 1548 1444 1575 in
1467 1554 1500 1574 eo
1522 1554 1638 1582 quoque
1667 1543 1783 1575 habent

153 1602 182 1633 D
206 1606 236 1634 et
258 1602 403 1643 princeps
427 1602 532 1641 editio,
556 1602 583 1633 si
605 1602 650 1633 ita
671 1602 892 1643 intellegimus,
916 1606 949 1633 ut
971 1602 1133 1633 adserendi
1157 1601 1294 1642 exempli
1317 1610 1414 1632 causa
1435 1600 1570 1641 positum
1594 1600 1642 1639 sit,
1666 1600 1783 1631 tollitur

156 1659 246 1700 lepos
269 1662 300 1689 et
322 1668 452 1689 acumen
475 1658 638 1698 orationis,
671 1668 740 1689 cum
769 1658 845 1689 illud
873 1658 904 1689 in
933 1668 993 1699 quo
1020 1658 1156 1689 maxime
1183 1658 1270 1688 iocus
1297 1660 1440 1687 versatur
1462 1656 1598 1697 exempli
1621 1656 1690 1687 loco
1712 1656 1781 1687 reli-

154 1715 223 1756 quis
246 1714 389 1746 addatur.
434 1718 464 1745 et
487 1714 650 1746 offensioni
674 1715 732 1746 hoc
754 1715 810 1746 fuit
838 1715 912 1745 olim
935 1714 1107 1753 Gronovio,
1146 1715 1198 1754 qui
1221 1724 1277 1755 pro
1307 1719 1338 1743 ut
1361 1717 1389 1743 in
1412 1723 1446 1743 eo
1469 1715 1552 1751 qvod
1584 1711 1781 1743 scribendum

155 1771 289 1803 coniecit
313 1773 552 1809 unumquodque,
575 1774 606 1802 et
627 1771 766 1810 Barthio,
789 1771 841 1811 qui
864 1771 962 1802 voluit
984 1777 1014 1801 m
1036 1780 1098 1800 meo
1122 1773 1212 1807 quod.
1246 1779 1377 1809 quorum
1399 1772 1541 1799 neutrum
1564 1768 1689 1808 quidem
1712 1778 1782 1809 pro-

155 1827 223 1858 bari
253 1830 370 1867 potest3
401 1826 457 1857 sed
481 1833 512 1857 ul
533 1827 677 1858 vitiosum
700 1836 769 1858 esse
792 1831 876 1858 recte
900 1827 943 1858 illi
967 1827 1195 1858 intellexerunt.
1238 1828 1360 1866 poterat
1387 1828 1490 1855 autem
1514 1833 1618 1856 errore
1640 1825 1782 1856 librario-

155 1893 222 1914 rum
247 1883 387 1914 additum
409 1883 509 1914 videri
531 1890 578 1920 ut,
613 1893 674 1923 quo
701 1883 804 1914 deleto
826 1883 879 1914 vix
902 1883 1070 1923 quidquam
1094 1882 1344 1913 desideraremus
1366 1880 1407 1911 ad
1429 1880 1616 1911 sententiam
1638 1881 1782 1921 conplen-

157 1939 239 1979 dam,
263 1939 322 1970 nisi
345 1939 377 1970 in
399 1942 544 1980 promptu
567 1943 651 1970 esset
672 1939 809 1970 seribere
833 1943 932 1977 utique
954 1943 983 1970 in
1008 1950 1041 1970 eo
1064 1941 1153 1977 quod.
1186 1937 1344 1979 propriam
1367 1937 1449 1967 enim
1472 1936 1503 1967 id
1526 1937 1713 1968 vocabulum
1734 1947 1782 1968 se-

158 1995 231 2026 dem
254 1995 350 2026 habet
370 1995 401 2026 in
424 1995 462 2025 iis
485 2004 565 2034 quae
587 1995 632 2026 ita
654 1995 856 2034 subiciuntur,
879 1999 912 2026 ut
934 1995 1095 2036 superiora
1117 1994 1280 2026 intendant
1302 1997 1332 2024 et
1354 1993 1417 2024 vim
1439 1992 1611 2024 sententiae
1635 1997 1781 2033 augeant,

159 2051 185 2083 V
207 2053 236 2091 7,
259 2052 279 2083 2
302 2055 402 2089 unque
425 2054 452 2081 in
478 2061 511 2081 eo
536 2054 617 2089 quod
638 2054 681 2081 (td
702 2062 881 2082 communem
901 2055 1034 2090 patriam
1057 2054 1146 2082 voluit
1164 2054 1340 2089 pervenire;
1364 2049 1422 2080 VII
1446 2050 1493 2088 17,
1515 2049 1535 2081 9
1568 2053 1668 2087 utique
1689 2052 1716 2079 εἰ
1740 2052 1782 2080 la-

159 2111 217 2138 tior
238 2117 353 2137 scaena
376 2114 403 2137 Ρ(
425 2118 538 2137 corona
562 2110 718 2144 diffusior;
748 2107 802 2147 22,
826 2107 845 2139 2
874 2111 973 2146 utique
994 2110 1021 2137 εἰ
1039 2113 1066 2137 ιε
1087 2110 1193 2137 mereri
1211 2112 1305 2145 putes.
1349 2105 1484 2136 alienum
1512 2105 1552 2135 ab
1575 2105 1634 2136 hoc
1656 2115 1713 2136 usu
1736 2108 1784 2136 est

159 2163 242 2204 quod
264 2163 435 2194 Schwarzii
458 2164 637 2194 coniectura
658 2163 817 2194 inventum
838 2163 953 2204 legitur
973 2173 1045 2203 pan.
1068 2164 1097 2202 ὃ,
1121 2166 1138 2194 2
1161 2165 1265 2194 horum
1289 2172 1372 2201 opus,
1395 2164 1500 2191 horum
1523 2163 1595 2191 illud
1617 2164 1781 2200 imperium,

160 2222 257 2251 Nerva
290 2226 402 2250 lantum
433 2223 565 2250 minister
591 2221 668 2257 sum
702 2223 801 2258 utique
830 2223 881 2257 qni
907 2223 1070 2258 adoptarat
1098 2224 1155 2249 tom
1182 2221 1288 2257 paruit
1320 2228 1408 2256 quam
1440 2224 1470 2248 tu
1493 2221 1543 2255 qui
1575 2219 1782 2255 adoptabaris,

161 2275 214 2306 ubi
236 2282 325 2314 utque
347 2278 398 2313 qui
419 2278 580 2314 adoptaret
603 2279 650 2306 est
671 2275 702 2306 in
724 2275 894 2307 codicibus.
937 2276 1014 2307 nihil
1036 2279 1140 2306 autem
1164 2275 1267 2316 aptius
1289 2274 1339 2305 vel
1361 2273 1553 2314 probabilius
1576 2273 1706 2304 inveniri
1728 2283 1782 2314 po-

160 2331 247 2371 terit,
275 2341 368 2372 quam
400 2337 486 2370 teque
517 2335 567 2370 qui
594 2334 774 2370 adoptarem
809 2338 894 2370 teque
915 2343 981 2363 cum
1004 2334 1163 2370 adopmret
1193 2330 1370 2362 coniecerat
1391 2330 1602 2360 Heumannus.
1646 2333 1784 2360 ceterum
