2080 2792
933 346 1013 359 „a
1073 326 1258 372 lgw-

287 451 421 478 amiseris
443 447 512 478 MA.
537 452 700 488 praeterea
722 449 794 484 quia
817 448 890 487 DA,
918 453 946 478 el
975 451 1046 486 quia
1069 447 1109 478 ed
1130 458 1192 489 pn,
1226 458 1315 487 quam
1337 447 1377 478 M.
1403 447 1503 486 unde,
1534 450 1567 477 ut
1593 456 1682 478 suam
1712 447 1774 477 vim
1797 446 1913 478 habeat

288 503 506 544 conparativus
529 506 668 541 aravius,
693 502 891 534 scribendum
914 513 984 534 esse
1007 503 1130 534 videtur
1154 514 1211 542 quo
1233 513 1381 543 reparare
1402 505 1485 541 quod
1506 506 1639 533 amiserit
1660 506 1785 541 qravius
1807 509 1858 533 est.

412 559 454 589 VI
478 559 527 598 24,
554 562 565 589 1
595 561 684 594 (tuam
708 562 827 589 mulium
850 564 971 590 interest
994 562 1067 597 quid
1088 571 1107 590 a
1128 570 1244 598 quoque
1263 563 1338 597 fiat!
1381 562 1483 590 eadem
1506 563 1580 589 enim
1601 561 1687 596 facta
1708 561 1846 589 claritate
1868 561 1913 589 vel

288 618 468 646 obscuritate
487 617 659 651 facientium
683 620 736 644 aa!
758 618 900 646 tolluntur
922 619 1062 646 altissime
1083 622 1136 646 ant
1157 618 1316 646 humillime
1338 618 1552 654 depriinumur.
1581 618 1728 655 corrupta
1744 624 1814 646 esse
1831 624 1912 655 quae

286 672 317 702 in
341 670 501 702 codicibus
524 671 667 711 leguntur
689 673 763 708 auid
786 681 804 700 a
827 681 944 709 quoqne
964 676 1019 709 fiat
1042 671 1183 712 adparet.
1227 681 1328 712 neque
1361 671 1444 702 enim
1473 671 1632 711 quaeritur
1664 671 1739 711 quid
1766 670 1806 701 sit
1829 670 1912 711 quod

288 727 400 767 aliquis
430 727 550 766 fecerit,
588 726 740 766 siquidem
769 726 809 757 de
838 728 931 758 rebus
958 728 1119 768 praeclare
1151 728 1250 768 gestis
1279 727 1340 758 dici
1369 730 1506 767 constat,
1542 727 1599 758 sed
1619 726 1688 767 quis
1711 727 1751 758 sit
1772 727 1823 767 qui
1846 736 1911 757 rem

286 783 479 824 praeclaram
512 782 653 822 gesserit.
698 792 798 822 neque
831 783 933 823 magis
956 784 1081 824 probari
1105 787 1207 824 potest
1229 784 1408 814 coniectura
1431 783 1609 814 Casauboni
1632 786 1705 821 quid
1727 794 1745 813 a
1768 794 1825 821 quo
1846 786 1911 821 fiat,

287 849 378 879 quam
401 839 535 870 editores
559 842 756 878 receperunt,
786 842 951 879 postquam
981 840 1025 870 ita
1046 840 1194 880 scriptum
1217 849 1287 871 esse
1310 840 1340 870 in
1363 839 1505 870 Mediceo
1529 839 1637 870 codice
1660 839 1739 870 falso
1762 839 1912 870 indicavit

288 896 419 927 (lortius.
463 895 493 925 in
526 904 587 934 qua
619 894 771 935 scriptura
798 905 859 925 non
889 895 1019 926 ostendit
1046 896 1170 936 quidem
1200 906 1371 937 pronomen
1399 895 1657 935 interrogativum
1688 895 1736 926 bis
1765 895 1910 936 positum,

286 952 368 992 quod
391 951 541 991 exemplis
563 951 603 981 ab
627 950 797 981 editoribus
821 951 977 991 congestis
1000 962 1061 983 non
1085 953 1213 992 egebat,
1244 952 1300 983 sed
1323 962 1384 982 non
1407 951 1509 982 minus
1532 951 1726 982 intolerabile
1757 962 1850 991 quam
1880 952 1911 983 in

287 1008 426 1038 codicum
451 1007 603 1047 scriptura
625 1007 655 1037 111
678 1007 737 1037 hac
760 1010 807 1037 est
829 1007 1084 1048 interrogativum
1109 1011 1189 1047 quid.
1234 1008 1432 1039 scribendum
1462 1007 1556 1047 igitur
1585 1007 1668 1048 quod
1691 1017 1741 1039 res
1764 1008 1910 1048 postulat,

287 1076 304 1093 a
328 1074 387 1102 qao
411 1066 483 1102 quid
503 1067 564 1097 siat.
608 1073 680 1093 nam
703 1063 760 1093 11οο
783 1063 845 1093 iam
865 1064 966 1103 magis
990 1065 1103 1104 probo,
1133 1074 1225 1105 quam
1249 1064 1331 1105 quod
1354 1064 1427 1095 olim
1450 1065 1637 1105 scripseram
1660 1074 1679 1094 a
1701 1074 1758 1102 qao
1782 1066 1912 1103 quidque

283 1124 346 1157 fiai.
389 1119 579 1150 indefinitum
603 1118 685 1149 enim
709 1129 878 1159 pronomen
901 1123 967 1157 quis
989 1130 1057 1151 cum
1081 1121 1211 1152 relativo
1234 1121 1283 1152 vcl
1306 1121 1530 1160 interrogativo
1545 1130 1641 1161 saepe
1656 1120 1761 1160 posuit
1774 1120 1910 1159 Plinius3

286 1179 409 1213 quisque
431 1186 490 1205 11011
514 1175 634 1210 dicitur,
656 1175 715 1205 nisi
740 1185 808 1205 011111
832 1176 958 1216 propria
977 1177 1149 1208 sententiae
1165 1177 1212 1208 vis
1236 1181 1283 1208 est
1305 1177 1336 1207 in
1362 1176 1579 1208 distributione
1597 1176 1789 1216 singulorum
1813 1176 1907 1216 signi-

286 1232 417 1262 ficanda.
461 1231 543 1262 idem
566 1241 736 1271 pronomen
760 1231 982 1263 restituendum
1006 1233 1032 1263 V
1056 1233 1074 1264 9
1098 1234 1182 1273 (21),
1206 1235 1225 1265 4
1247 1237 1371 1264 suberat
1395 1235 1491 1263 edicto
1514 1236 1814 1263 senatusconsultum:
1852 1234 1910 1263 hoc

285 1298 399 1323 omnes,
433 1292 482 1324 qni
512 1289 584 1325 qaid
605 1290 715 1324 neyotii
736 1290 895 1324 haberent,
929 1292 1032 1319 iurare
1052 1293 1137 1327 prius
1160 1301 1248 1328 quum
1270 1296 1392 1328 asserent
1415 1291 1593 1320 iubebantur
1614 1291 1687 1319 nihil
1706 1299 1738 1319 se
1760 1291 1796 1319 ob
1819 1291 1911 1319 advo·

285 1347 428 1374 cntionem
453 1346 569 1373 dedisse
592 1347 765 1382 promisisse
794 1347 917 1376 cavisse.
961 1355 1033 1376 nani
1061 1346 1104 1376 sic
1128 1347 1171 1383 A,
1206 1349 1340 1384 quisquis
1368 1349 1515 1383 nessolium
1545 1347 1669 1375 haberet
1697 1348 1799 1375 iurare
1823 1348 1911 1383 prius

286 1411 372 1438 qnam
403 1409 492 1437 ayere
514 1400 558 1438 l),
596 1399 626 1429 111
660 1399 772 1431 lacuna
800 1410 859 1432 om.
895 1401 935 1431 M.
969 1401 1113 1432 vitiosum
1148 1406 1253 1433 autem
1281 1407 1328 1433 est
1357 1401 1439 1442 quod
1475 1401 1547 1432 olim
1575 1401 1692 1431 editum
1720 1404 1787 1432 erat
1813 1410 1911 1443 omnes

285 1460 426 1494 quisquis.

408 1511 448 1542 Vl
473 1512 521 1551 27,
546 1512 565 1542 4
603 1514 667 1542 Hoc
688 1518 756 1542 lunc
778 1522 842 1551 eqo.
886 1516 941 1543 sed
968 1523 1024 1543 noa
1054 1517 1187 1544 omnibus
1215 1516 1317 1544 eadem
1338 1517 1475 1552 placent,
1508 1524 1562 1544 nec
1584 1516 1762 1543 conveniunt
1784 1516 1910 1551 quidem.

287 1568 491 1608 probaveram
514 1567 584 1598 011111
608 1568 789 1608 scripturam
814 1569 948 1599 omnium
972 1570 1119 1600 librorum
1143 1570 1326 1601 auctoritate
1350 1569 1563 1600 confirmatam
1580 1579 1635 1599 nec
1652 1571 1827 1600 conveniunt
1848 1572 1910 1607 qui-

286 1627 357 1660 dem,
381 1634 419 1654 ea
440 1623 565 1663 quidem
588 1624 824 1663 significatione,
848 1635 940 1665 quam
963 1629 993 1656 et
1007 1626 1128 1657 Cortius
1152 1626 1182 1656 in
1206 1626 1331 1656 Ρ1111.ΙΙ
1356 1627 1403 1665 11,
1423 1627 1441 1657 7
1465 1625 1658 1664 defenderat,
1681 1628 1712 1655 et
1733 1624 1910 1664 Madvigius

286 1681 315 1710 in
341 1679 551 1720 disputatione
574 1680 612 1710 de
636 1680 747 1711 vitiosa
769 1681 985 1712 coniunctione
1009 1692 1063 1712 nec
1081 1685 1114 1712 et
1136 1684 1252 1720 quidem
1276 1682 1497 1722 particularum
1520 1684 1551 1712 in
1574 1681 1637 1712 Cic.
1661 1681 1700 1712 de
1722 1681 1772 1712 fin.
1795 1691 1825 1721 p.
1848 1680 1909 1712 823

286 1740 466 1776 exceperat,
491 1740 524 1766 ut
543 1746 598 1776 pro
622 1743 648 1766 et
669 1747 728 1767 non
751 1739 866 1775 quidem
890 1738 1005 1768 dictum
1029 1742 1121 1769 esset.
1166 1738 1222 1769 sed
1253 1748 1291 1769 110
1320 1738 1397 1769 1111111
1428 1738 1553 1778 quidem
1576 1737 1690 1776 Plinio,
1725 1740 1758 1768 ut
1785 1737 1816 1767 in
1851 1737 1909 1768 hoe

286 1802 365 1822 nunc
388 1792 563 1831 subsistam,
587 1792 783 1824 tribuendum
805 1803 884 1828 esse,
908 1794 1049 1834 quamvis
1068 1794 1182 1825 innon
1199 1794 1290 1825 nullis
1314 1794 1391 1825 locis
1415 1794 1557 1825 codicum
1580 1794 1734 1834 scriptura
1753 1802 1908 1824 commen-

286 1847 352 1878 dari
374 1848 530 1886 videatur,
561 1858 628 1878 011111
651 1853 734 1880 recte
758 1849 923 1881 aestimata
946 1850 1092 1881 librorum
1115 1850 1193 1881 fides
1217 1854 1281 1881 tum
1305 1860 1380 1881 usus
1402 1850 1547 1890 loquendi
1570 1849 1670 1881 docet.
1693 1850 1724 1880 in
1747 1849 1833 1879 libris
1855 1858 1908 1879 au-

285 1907 345 1934 tem
368 1914 421 1934 nec
443 1914 512 1934 cum
535 1907 648 1941 quidem
671 1905 867 1936 coniunctum
890 1906 1044 1937 invenitur
1067 1907 1113 1937 his
1138 1907 1231 1946 locis,
1265 1906 1293 1936 ΙΙ
1319 1907 1368 1945 14,
1392 1907 1410 1938 7
1444 1916 1499 1937 nec
1522 1908 1676 1937 audientes
1698 1907 1815 1943 quidem
1837 1904 1906 1944 MV,

285 1970 320 1989 ne
343 1962 496 1990 audientes
518 1963 632 1998 quidem
656 1961 725 1998 FD;
766 1962 810 1991 ΙΙΙ
833 1963 869 2001 5,
898 1963 933 1994 15
960 1973 1014 1993 nec
1038 1966 1112 1993 caele·
1134 1966 1252 2000 quidem
1274 1962 1330 1992 VD
1337 1987 1345 2002 ,
1378 1972 1432 1992 nec
1461 1965 1519 1992 aeli
1549 1965 1665 2000 quidem
1688 1961 1736 2001 M,
1776 1971 1812 1991 ne
1833 1963 1909 1991 caeli

286 2018 401 2053 quidem
424 2016 462 2048 F:
496 2015 537 2046 ad
559 2016 641 2047 Trai.
665 2018 702 2048 51
727 2018 809 2055 (12),
833 2018 853 2049 2
882 2028 937 2048 nec
959 2021 1054 2048 aaa'eo
1078 2022 1194 2056 quidem
1218 2018 1312 2049 editio
1336 2018 1482 2059 princeps
1505 2018 1630 2049 Avantii
1654 2021 1684 2048 et
1706 2017 1837 2057 Aldina,
1871 2026 1909 2047 ne

287 2074 381 2101 audeo
405 2074 519 2109 quidem
542 2072 728 2111 Gronovius3
768 2084 839 2114 pan.
868 2075 902 2113 3,
927 2075 945 2105 5
974 2084 1011 2104 ac
1040 2084 1095 2104 nec
1124 2077 1196 2105 illud
1217 2077 1334 2112 quidem
1365 2074 1463 2105 codex
1489 2074 1804 2111 Wolfcnbuttelanus3
1833 2082 1906 2113 pan.

285 2127 334 2166 27,
357 2127 375 2159 3
398 2138 573 2165 quamquam
596 2139 650 2159 nec
672 2131 751 2159 lzmzc
773 2133 907 2167 qualem,-
931 2140 1002 2170 pan.
1027 2131 1082 2169 43,
1106 2131 1125 2162 ὃ
1147 2141 1201 2161 nec
1224 2133 1257 2161 id
1278 2133 1394 2168 quidem
1418 2130 1517 2161 codex
1541 2130 1709 2161 Parisinus.
1755 2129 1827 2160 hinc
1849 2128 1903 2160 ad-

286 2187 374 2222 paret
396 2187 518 2223 praeter
540 2184 618 2215 duos
641 2185 842 2224 epistularum
865 2186 906 2216 ad
922 2186 1091 2217 Traianum
1114 2190 1145 2217 et
1167 2186 1350 2227 panegyrici
1374 2186 1471 2227 locos,
1494 2196 1623 2226 quorum
1645 2186 1723 2216 fides
1745 2185 1777 2216 in
1799 2194 1904 2216 recen-

286 2238 412 2269 tissimis
434 2239 520 2269 libris
543 2241 644 2280 posita
666 2244 721 2281 est,
745 2251 838 2272 unum
859 2252 950 2282 quem
972 2252 1067 2283 supra
1090 2243 1270 2283 scripsimus
1293 2252 1363 2273 esse
1387 2242 1498 2282 locum,
1522 2242 1553 2273 in
1575 2252 1635 2282 quo
1658 2252 1677 2272 a
1698 2251 1791 2272 manu
1810 2240 1904 2281 scrip—

287 2298 386 2325 torum
410 2295 554 2327 librorum
576 2297 758 2327 auctoritate
781 2297 1080 2329 commendationem
1110 2298 1226 2329 habeat
1247 2309 1299 2329 nec
1324 2308 1380 2339 pro
1403 2308 1440 2328 ne
1460 2298 1603 2339 positum.
1648 2307 1743 2338 quare
1771 2296 1905 2327 dubitari

286 2350 390 2389 nequit
425 2352 497 2390 quin
531 2356 560 2382 et
594 2353 624 2382 in
650 2353 710 2384 illis
733 2353 808 2384 locis
837 2357 920 2384 recte
945 2354 1142 2384 emendatum
1165 2354 1208 2385 sit
1230 2365 1267 2385 ne
1289 2357 1422 2392 quidem,
1454 2357 1485 2385 et
1507 2354 1536 2385 in
1560 2354 1618 2385 hoc
1640 2356 1724 2384 recte
1747 2352 1905 2384 Gesnerus
