<?xml version="1.0" encoding="UTF-8"?>
<!DOCTYPE html PUBLIC "-//W3C//DTD XHTML 1.0 Transitional//EN"
    "http://www.w3.org/TR/xhtml1/DTD/xhtml1-transitional.dtd">
<html xmlns="http://www.w3.org/1999/xhtml" xml:lang="en" lang="en">
 <head>
  <title>
</title>
<meta http-equiv="Content-Type" content="text/html;charset=utf-8" />
  <meta name='ocr-system' content='tesseract 3.04.00' />
  <meta name='ocr-capabilities' content='ocr_page ocr_carea ocr_par ocr_line ocrx_word'/>
</head>
<body>
  <div class='ocr_page' id='page_1' title='image "./depliniiepistuli00keiluoft_0020.png"; bbox 0 0 2080 2792; ppageno 0'>
   <div class='ocr_carea' id='block_1_1' title="bbox 967 307 1289 353">
    <p class='ocr_par' dir='ltr' id='par_1_1' title="bbox 967 307 1289 353">
     <span class='ocr_line' id='line_1_1' title="bbox 967 307 1289 353; baseline 0.012 -13"><span class='ocrx_word' id='word_1_1' title='bbox 967 307 1289 353; x_wconf 34' lang='lat' dir='ltr'>„algam</span> 
     </span>
    </p>
   </div>
   <div class='ocr_carea' id='block_1_2' title="bbox 320 432 1944 2367">
    <p class='ocr_par' dir='ltr' id='par_1_2' title="bbox 320 432 1944 2367">
     <span class='ocr_line' id='line_1_2' title="bbox 320 432 1942 473; baseline -0.003 -7"><span class='ocrx_word' id='word_1_2' title='bbox 320 441 523 473; x_wconf 79' lang='lat' dir='ltr'><em>retentusque,</em></span> <span class='ocrx_word' id='word_1_3' title='bbox 554 444 664 472; x_wconf 61' lang='lat' dir='ltr'>magna</span> <span class='ocrx_word' id='word_1_4' title='bbox 688 443 726 463; x_wconf 76' lang='lat' dir='ltr'>ex</span> <span class='ocrx_word' id='word_1_5' title='bbox 744 437 835 471; x_wconf 78' lang='lat' dir='ltr'>parce</span> <span class='ocrx_word' id='word_1_6' title='bbox 856 439 977 461; x_wconf 82' lang='lat' dir='ltr'>nemora</span> <span class='ocrx_word' id='word_1_7' title='bbox 999 432 1105 468; x_wconf 78' lang='lat' dir='ltr'>quibus</span> <span class='ocrx_word' id='word_1_8' title='bbox 1126 432 1311 460; x_wconf 81' lang='lat' dir='ltr'><em>inumbratur</em></span> <span class='ocrx_word' id='word_1_9' title='bbox 1332 437 1360 461; x_wconf 86' lang='lat' dir='ltr'>et</span> <span class='ocrx_word' id='word_1_10' title='bbox 1377 432 1472 468; x_wconf 71' lang='lat' dir='ltr'>sreyit</span> <span class='ocrx_word' id='word_1_11' title='bbox 1492 436 1519 460; x_wconf 84' lang='lat' dir='ltr'>et</span> <span class='ocrx_word' id='word_1_12' title='bbox 1541 433 1643 469; x_wconf 79' lang='lat' dir='ltr'>rapuit</span> <span class='ocrx_word' id='word_1_13' title='bbox 1649 441 1661 467; x_wconf 89' lang='lat'>,·</span> <span class='ocrx_word' id='word_1_14' title='bbox 1688 433 1805 461; x_wconf 77' lang='lat' dir='ltr'><em>subruit</em></span> <span class='ocrx_word' id='word_1_15' title='bbox 1833 437 1942 462; x_wconf 78' lang='lat' dir='ltr'>montes</span> 
     </span>
     <span class='ocr_line' id='line_1_3' title="bbox 322 487 1942 528; baseline -0.002 -6"><span class='ocrx_word' id='word_1_16' title='bbox 322 498 349 522; x_wconf 88' lang='lat' dir='ltr'>et</span> <span class='ocrx_word' id='word_1_17' title='bbox 372 493 565 522; x_wconf 72' lang='lat' dir='ltr'><em>decidentium</em></span> <span class='ocrx_word' id='word_1_18' title='bbox 589 492 662 520; x_wconf 82' lang='lat' dir='ltr'>mole</span> <span class='ocrx_word' id='word_1_19' title='bbox 679 490 818 528; x_wconf 80' lang='lat' dir='ltr'>pluribus</span> <span class='ocrx_word' id='word_1_20' title='bbox 839 489 912 517; x_wconf 81' lang='lat' dir='ltr'>locis</span> <span class='ocrx_word' id='word_1_21' title='bbox 934 489 1069 526; x_wconf 66' lang='lat' dir='ltr'><em>clausu-5,</em></span> <span class='ocrx_word' id='word_1_22' title='bbox 1098 487 1165 516; x_wconf 84' lang='lat' dir='ltr'>dum</span> <span class='ocrx_word' id='word_1_23' title='bbox 1189 489 1326 516; x_wconf 77' lang='lat' dir='ltr'>amissum</span> <span class='ocrx_word' id='word_1_24' title='bbox 1349 489 1405 516; x_wconf 80' lang='lat' dir='ltr'>iter</span> <span class='ocrx_word' id='word_1_25' title='bbox 1431 489 1561 524; x_wconf 81' lang='lat' dir='ltr'>quaerit,</span> <span class='ocrx_word' id='word_1_26' title='bbox 1597 489 1710 525; x_wconf 78' lang='lat' dir='ltr'><em>impulit</em></span> <span class='ocrx_word' id='word_1_27' title='bbox 1737 492 1816 517; x_wconf 84' lang='lat' dir='ltr'>tecta</span> <span class='ocrx_word' id='word_1_28' title='bbox 1843 495 1882 517; x_wconf 82' lang='lat' dir='ltr'>ac</span> <span class='ocrx_word' id='word_1_29' title='bbox 1910 497 1942 518; x_wconf 86' lang='lat' dir='ltr'>se</span> 
     </span>
     <span class='ocr_line' id='line_1_4' title="bbox 320 544 1942 586; baseline -0.003 -8"><span class='ocrx_word' id='word_1_30' title='bbox 320 557 410 586; x_wconf 82' lang='lat' dir='ltr'>super</span> <span class='ocrx_word' id='word_1_31' title='bbox 430 550 534 577; x_wconf 74' lang='lat' dir='ltr'>ruinas</span> <span class='ocrx_word' id='word_1_32' title='bbox 561 548 657 576; x_wconf 76' lang='lat' dir='ltr'>evexit</span> <span class='ocrx_word' id='word_1_33' title='bbox 678 551 765 583; x_wconf 79' lang='lat' dir='ltr'>atque</span> <span class='ocrx_word' id='word_1_34' title='bbox 788 546 901 574; x_wconf 67' lang='lat' dir='ltr'>extulit.</span> <span class='ocrx_word' id='word_1_35' title='bbox 946 544 1080 572; x_wconf 79' lang='lat' dir='ltr'>viderunt</span> <span class='ocrx_word' id='word_1_36' title='bbox 1108 551 1182 579; x_wconf 83' lang='lat' dir='ltr'>quos</span> <span class='ocrx_word' id='word_1_37' title='bbox 1214 544 1427 573; x_wconf 76' lang='lat' dir='ltr'><em>excelsioribus</em></span> <span class='ocrx_word' id='word_1_38' title='bbox 1453 545 1540 572; x_wconf 82' lang='lat' dir='ltr'>terris</span> <span class='ocrx_word' id='word_1_39' title='bbox 1571 544 1621 572; x_wconf 80' lang='lat' dir='ltr'>illa</span> <span class='ocrx_word' id='word_1_40' title='bbox 1650 548 1808 580; x_wconf 79' lang='lat' dir='ltr'>tempestas</span> <span class='ocrx_word' id='word_1_41' title='bbox 1838 544 1942 581; x_wconf 78' lang='lat' dir='ltr'>depre-</span> 
     </span>
     <span class='ocr_line' id='line_1_5' title="bbox 321 600 1943 639; baseline -0.002 -5"><span class='ocrx_word' id='word_1_42' title='bbox 321 606 424 634; x_wconf 72' lang='lat' dir='ltr'>hendit</span> <span class='ocrx_word' id='word_1_43' title='bbox 445 605 516 632; x_wconf 79' lang='lat' dir='ltr'>alibi</span> <span class='ocrx_word' id='word_1_44' title='bbox 539 604 657 632; x_wconf 81' lang='lat' dir='ltr'>divitum</span> <span class='ocrx_word' id='word_1_45' title='bbox 687 605 853 639; x_wconf 75' lang='lat' dir='ltr'>apparatus</span> <span class='ocrx_word' id='word_1_46' title='bbox 882 603 910 628; x_wconf 88' lang='lat' dir='ltr'>et</span> <span class='ocrx_word' id='word_1_47' title='bbox 935 608 1054 635; x_wconf 73' lang='lat' dir='ltr'>yruvem</span> <span class='ocrx_word' id='word_1_48' title='bbox 1080 600 1298 635; x_wconf 79' lang='lat' dir='ltr'>supellectilem.</span> <span class='ocrx_word' id='word_1_49' title='bbox 1326 600 1399 628; x_wconf 76' lang='lat' dir='ltr'>alibi</span> <span class='ocrx_word' id='word_1_50' title='bbox 1428 601 1622 628; x_wconf 78' lang='lat' dir='ltr'>instrumenta</span> <span class='ocrx_word' id='word_1_51' title='bbox 1651 601 1747 635; x_wconf 83' lang='lat' dir='ltr'>ruris,</span> <span class='ocrx_word' id='word_1_52' title='bbox 1782 601 1823 629; x_wconf 79' lang='lat' dir='ltr'>ibi</span> <span class='ocrx_word' id='word_1_53' title='bbox 1851 601 1943 631; x_wconf 83' lang='lat' dir='ltr'>hoves</span> 
     </span>
     <span class='ocr_line' id='line_1_6' title="bbox 322 656 1941 695; baseline -0.002 -6"><span class='ocrx_word' id='word_1_54' title='bbox 322 665 427 689; x_wconf 78' lang='lat' dir='ltr'>aratra</span> <span class='ocrx_word' id='word_1_55' title='bbox 457 664 604 695; x_wconf 69' lang='lat' dir='ltr'>rectores,</span> <span class='ocrx_word' id='word_1_56' title='bbox 639 659 687 687; x_wconf 81' lang='lat' dir='ltr'>bic</span> <span class='ocrx_word' id='word_1_57' title='bbox 709 659 807 686; x_wconf 79' lang='lat' dir='ltr'>soluta</span> <span class='ocrx_word' id='word_1_58' title='bbox 835 660 863 685; x_wconf 87' lang='lat' dir='ltr'>et</span> <span class='ocrx_word' id='word_1_59' title='bbox 890 656 984 684; x_wconf 76' lang='lat' dir='ltr'>libera</span> <span class='ocrx_word' id='word_1_60' title='bbox 1008 659 1142 683; x_wconf 73' lang='lat' dir='ltr'>armenta</span> <span class='ocrx_word' id='word_1_61' title='bbox 1165 659 1253 692; x_wconf 78' lang='lat' dir='ltr'>atque</span> <span class='ocrx_word' id='word_1_62' title='bbox 1275 657 1351 684; x_wconf 80' lang='lat' dir='ltr'>inter</span> <span class='ocrx_word' id='word_1_63' title='bbox 1371 656 1446 684; x_wconf 75' lang='lat' dir='ltr'>baec</span> <span class='ocrx_word' id='word_1_64' title='bbox 1470 656 1612 684; x_wconf 83' lang='lat' dir='ltr'>arborum</span> <span class='ocrx_word' id='word_1_65' title='bbox 1635 660 1758 685; x_wconf 81' lang='lat' dir='ltr'>truncos</span> <span class='ocrx_word' id='word_1_66' title='bbox 1782 661 1834 685; x_wconf 81' lang='lat' dir='ltr'>aut</span> <span class='ocrx_word' id='word_1_67' title='bbox 1855 658 1941 685; x_wconf 79' lang='lat' dir='ltr'>villa-</span> 
     </span>
     <span class='ocr_line' id='line_1_7' title="bbox 321 712 1941 751; baseline -0.002 -6"><span class='ocrx_word' id='word_1_68' title='bbox 321 726 385 745; x_wconf 86' lang='lat' dir='ltr'>rum</span> <span class='ocrx_word' id='word_1_69' title='bbox 408 716 506 745; x_wconf 80' lang='lat' dir='ltr'>trahes</span> <span class='ocrx_word' id='word_1_70' title='bbox 528 720 615 751; x_wconf 76' lang='lat' dir='ltr'>atque</span> <span class='ocrx_word' id='word_1_71' title='bbox 637 716 761 744; x_wconf 67' lang='lat' dir='ltr'>culmina</span> <span class='ocrx_word' id='word_1_72' title='bbox 784 713 867 741; x_wconf 73' lang='lat' dir='ltr'>varie</span> <span class='ocrx_word' id='word_1_73' title='bbox 889 713 1004 748; x_wconf 78' lang='lat' dir='ltr'>lateque</span> <span class='ocrx_word' id='word_1_74' title='bbox 1023 712 1183 747; x_wconf 75' lang='lat' dir='ltr'><em>fluitantia.</em></span> <span class='ocrx_word' id='word_1_75' title='bbox 1228 720 1266 740; x_wconf 78' lang='lat' dir='ltr'>ac</span> <span class='ocrx_word' id='word_1_76' title='bbox 1293 719 1330 740; x_wconf 82' lang='lat' dir='ltr'>ne</span> <span class='ocrx_word' id='word_1_77' title='bbox 1352 713 1403 740; x_wconf 82' lang='lat' dir='ltr'>illa</span> <span class='ocrx_word' id='word_1_78' title='bbox 1425 712 1541 748; x_wconf 81' lang='lat' dir='ltr'>quidem</span> <span class='ocrx_word' id='word_1_79' title='bbox 1563 713 1630 741; x_wconf 76' lang='lat' dir='ltr'>loca</span> <span class='ocrx_word' id='word_1_80' title='bbox 1651 713 1728 741; x_wconf 83' lang='lat' dir='ltr'>malo</span> <span class='ocrx_word' id='word_1_81' title='bbox 1750 716 1941 749; x_wconf 79' lang='lat' dir='ltr'>vacaverunt,</span> 
     </span>
     <span class='ocr_line' id='line_1_8' title="bbox 322 767 1939 808; baseline -0.002 -7"><span class='ocrx_word' id='word_1_82' title='bbox 322 773 363 801; x_wconf 84' lang='lat' dir='ltr'>ad</span> <span class='ocrx_word' id='word_1_83' title='bbox 384 780 459 808; x_wconf 81' lang='lat' dir='ltr'>quae</span> <span class='ocrx_word' id='word_1_84' title='bbox 480 779 538 800; x_wconf 80' lang='lat' dir='ltr'>non</span> <span class='ocrx_word' id='word_1_85' title='bbox 559 771 692 800; x_wconf 78' lang='lat' dir='ltr'>ascendit</span> <span class='ocrx_word' id='word_1_86' title='bbox 715 770 819 798; x_wconf 74' lang='lat' dir='ltr'>amnis.</span> <span class='ocrx_word' id='word_1_87' title='bbox 861 776 929 796; x_wconf 77' lang='lat' dir='ltr'>uam</span> <span class='ocrx_word' id='word_1_88' title='bbox 954 775 1011 804; x_wconf 84' lang='lat' dir='ltr'>pro</span> <span class='ocrx_word' id='word_1_89' title='bbox 1040 775 1126 795; x_wconf 79' lang='lat' dir='ltr'>amne</span> <span class='ocrx_word' id='word_1_90' title='bbox 1158 768 1250 795; x_wconf 75' lang='lat' dir='ltr'>imber</span> <span class='ocrx_word' id='word_1_91' title='bbox 1277 767 1422 796; x_wconf 78' lang='lat' dir='ltr'>adsiduus</span> <span class='ocrx_word' id='word_1_92' title='bbox 1454 772 1481 796; x_wconf 90' lang='lat' dir='ltr'>et</span> <span class='ocrx_word' id='word_1_93' title='bbox 1509 768 1629 797; x_wconf 83' lang='lat' dir='ltr'>deiectis</span> <span class='ocrx_word' id='word_1_94' title='bbox 1650 769 1776 797; x_wconf 82' lang='lat' dir='ltr'>nubibus</span> <span class='ocrx_word' id='word_1_95' title='bbox 1798 769 1939 799; x_wconf 78' lang='lat' dir='ltr'><em>turbines.</em></span> 
     </span>
     <span class='ocr_line' id='line_1_9' title="bbox 320 821 1941 866; baseline -0.002 -9"><span class='ocrx_word' id='word_1_96' title='bbox 320 827 365 857; x_wconf 89' lang='lat' dir='ltr'>ita</span> <span class='ocrx_word' id='word_1_97' title='bbox 386 826 463 857; x_wconf 90' lang='lat' dir='ltr'>haec</span> <span class='ocrx_word' id='word_1_98' title='bbox 485 825 597 866; x_wconf 85' lang='lat' dir='ltr'>partim</span> <span class='ocrx_word' id='word_1_99' title='bbox 620 834 659 855; x_wconf 81' lang='lat' dir='ltr'>ex</span> <span class='ocrx_word' id='word_1_100' title='bbox 680 824 711 854; x_wconf 88' lang='lat' dir='ltr'>M</span> <span class='ocrx_word' id='word_1_101' title='bbox 733 823 846 864; x_wconf 86' lang='lat' dir='ltr'>partim</span> <span class='ocrx_word' id='word_1_102' title='bbox 869 832 909 853; x_wconf 83' lang='lat' dir='ltr'>ex</span> <span class='ocrx_word' id='word_1_103' title='bbox 931 822 959 852; x_wconf 94' lang='lat' dir='ltr'>A</span> <span class='ocrx_word' id='word_1_104' title='bbox 983 821 1149 853; x_wconf 85' lang='lat' dir='ltr'>scribenda</span> <span class='ocrx_word' id='word_1_105' title='bbox 1170 824 1249 852; x_wconf 88' lang='lat' dir='ltr'>sunt.</span> <span class='ocrx_word' id='word_1_106' title='bbox 1293 824 1399 859; x_wconf 73' lang='lat' dir='ltr'>quibus</span> <span class='ocrx_word' id='word_1_107' title='bbox 1426 824 1581 852; x_wconf 80' lang='lat' dir='ltr'><em>umbratur</em></span> <span class='ocrx_word' id='word_1_108' title='bbox 1605 824 1700 860; x_wconf 70' lang='lat' dir='ltr'>freyit</span> <span class='ocrx_word' id='word_1_109' title='bbox 1727 827 1755 853; x_wconf 86' lang='lat' dir='ltr'>et</span> <span class='ocrx_word' id='word_1_110' title='bbox 1775 826 1878 861; x_wconf 77' lang='lat' dir='ltr'><em>rapuit</em></span> <span class='ocrx_word' id='word_1_111' title='bbox 1898 823 1941 863; x_wconf 88' lang='lat' dir='ltr'>M,</span> 
     </span>
     <span class='ocr_line' id='line_1_10' title="bbox 322 877 1942 922; baseline -0.002 -9"><span class='ocrx_word' id='word_1_112' title='bbox 322 883 352 913; x_wconf 89' lang='lat' dir='ltr'>in</span> <span class='ocrx_word' id='word_1_113' title='bbox 373 882 483 922; x_wconf 85' lang='lat' dir='ltr'>quibus</span> <span class='ocrx_word' id='word_1_114' title='bbox 506 891 574 912; x_wconf 84' lang='lat' dir='ltr'>cum</span> <span class='ocrx_word' id='word_1_115' title='bbox 598 883 752 910; x_wconf 72' lang='lat' dir='ltr'>muln-atur</span> <span class='ocrx_word' id='word_1_116' title='bbox 773 879 884 910; x_wconf 69' lang='lat' dir='ltr'>falsum</span> <span class='ocrx_word' id='word_1_117' title='bbox 908 878 961 918; x_wconf 83' lang='lat' dir='ltr'>sit,</span> <span class='ocrx_word' id='word_1_118' title='bbox 984 877 1175 918; x_wconf 82' lang='lat' dir='ltr'>geminatum</span> <span class='ocrx_word' id='word_1_119' title='bbox 1200 883 1227 907; x_wconf 90' lang='lat' dir='ltr'>et</span> <span class='ocrx_word' id='word_1_120' title='bbox 1248 887 1369 918; x_wconf 88' lang='lat' dir='ltr'>quoque</span> <span class='ocrx_word' id='word_1_121' title='bbox 1392 888 1431 908; x_wconf 76' lang='lat' dir='ltr'>ex</span> <span class='ocrx_word' id='word_1_122' title='bbox 1446 878 1475 908; x_wconf 92' lang='lat' dir='ltr'>A</span> <span class='ocrx_word' id='word_1_123' title='bbox 1492 877 1706 919; x_wconf 89' lang='lat' dir='ltr'>recipiendum</span> <span class='ocrx_word' id='word_1_124' title='bbox 1727 881 1783 909; x_wconf 84' lang='lat' dir='ltr'>est.</span> <span class='ocrx_word' id='word_1_125' title='bbox 1827 878 1942 911; x_wconf 79' lang='lat' dir='ltr'>deinde</span> 
     </span>
     <span class='ocr_line' id='line_1_11' title="bbox 322 933 1942 979; baseline -0.002 -10"><span class='ocrx_word' id='word_1_126' title='bbox 322 948 378 979; x_wconf 89' lang='lat' dir='ltr'>pro</span> <span class='ocrx_word' id='word_1_127' title='bbox 400 941 496 968; x_wconf 66' lang='lat' dir='ltr'>evea-it</span> <span class='ocrx_word' id='word_1_128' title='bbox 518 937 548 967; x_wconf 89' lang='lat' dir='ltr'>iu</span> <span class='ocrx_word' id='word_1_129' title='bbox 570 936 601 966; x_wconf 89' lang='lat' dir='ltr'>M</span> <span class='ocrx_word' id='word_1_130' title='bbox 623 936 736 976; x_wconf 84' lang='lat' dir='ltr'>legitur</span> <span class='ocrx_word' id='word_1_131' title='bbox 758 938 855 974; x_wconf 80' lang='lat' dir='ltr'>eiecit,</span> <span class='ocrx_word' id='word_1_132' title='bbox 889 934 971 974; x_wconf 87' lang='lat' dir='ltr'>quod</span> <span class='ocrx_word' id='word_1_133' title='bbox 1006 937 1165 973; x_wconf 83' lang='lat' dir='ltr'>tamquam</span> <span class='ocrx_word' id='word_1_134' title='bbox 1202 933 1310 965; x_wconf 84' lang='lat' dir='ltr'>fortius</span> <span class='ocrx_word' id='word_1_135' title='bbox 1340 933 1456 965; x_wconf 86' lang='lat' dir='ltr'>dictum</span> <span class='ocrx_word' id='word_1_136' title='bbox 1486 934 1626 965; x_wconf 78' lang='lat' dir='ltr'>defendit</span> <span class='ocrx_word' id='word_1_137' title='bbox 1648 934 1780 966; x_wconf 89' lang='lat' dir='ltr'>Cortius.</span> <span class='ocrx_word' id='word_1_138' title='bbox 1824 935 1881 966; x_wconf 86' lang='lat' dir='ltr'>sed</span> <span class='ocrx_word' id='word_1_139' title='bbox 1902 944 1942 967; x_wconf 90' lang='lat' dir='ltr'>ne</span> 
     </span>
     <span class='ocr_line' id='line_1_12' title="bbox 324 990 1943 1033; baseline -0.002 -9"><span class='ocrx_word' id='word_1_140' title='bbox 324 994 425 1024; x_wconf 78' lang='lat' dir='ltr'>dicam</span> <span class='ocrx_word' id='word_1_141' title='bbox 448 993 547 1024; x_wconf 84' lang='lat' dir='ltr'>minus</span> <span class='ocrx_word' id='word_1_142' title='bbox 569 996 675 1033; x_wconf 84' lang='lat' dir='ltr'>aptum</span> <span class='ocrx_word' id='word_1_143' title='bbox 698 1001 767 1023; x_wconf 84' lang='lat' dir='ltr'>esse</span> <span class='ocrx_word' id='word_1_144' title='bbox 790 991 897 1022; x_wconf 86' lang='lat' dir='ltr'>fortius</span> <span class='ocrx_word' id='word_1_145' title='bbox 920 990 1122 1029; x_wconf 84' lang='lat' dir='ltr'>vocabulum,</span> <span class='ocrx_word' id='word_1_146' title='bbox 1159 1000 1228 1020; x_wconf 87' lang='lat' dir='ltr'>cum</span> <span class='ocrx_word' id='word_1_147' title='bbox 1260 990 1431 1021; x_wconf 84' lang='lat' dir='ltr'>subiciatur</span> <span class='ocrx_word' id='word_1_148' title='bbox 1464 990 1496 1021; x_wconf 90' lang='lat' dir='ltr'>id</span> <span class='ocrx_word' id='word_1_149' title='bbox 1527 990 1610 1030; x_wconf 88' lang='lat' dir='ltr'>quod</span> <span class='ocrx_word' id='word_1_150' title='bbox 1636 990 1736 1021; x_wconf 84' lang='lat' dir='ltr'>lenius</span> <span class='ocrx_word' id='word_1_151' title='bbox 1758 994 1805 1022; x_wconf 87' lang='lat' dir='ltr'>est</span> <span class='ocrx_word' id='word_1_152' title='bbox 1827 994 1943 1030; x_wconf 69' lang='lat' dir='ltr'>extulit,</span> 
     </span>
     <span class='ocr_line' id='line_1_13' title="bbox 324 1046 1943 1087; baseline -0.002 -6"><span class='ocrx_word' id='word_1_153' title='bbox 324 1050 402 1081; x_wconf 82' lang='lat' dir='ltr'>sieut</span> <span class='ocrx_word' id='word_1_154' title='bbox 425 1049 584 1080; x_wconf 79' lang='lat' dir='ltr'>adnotavit</span> <span class='ocrx_word' id='word_1_155' title='bbox 606 1047 810 1087; x_wconf 81' lang='lat' dir='ltr'>Docringius,</span> <span class='ocrx_word' id='word_1_156' title='bbox 839 1047 975 1077; x_wconf 86' lang='lat' dir='ltr'>alienum</span> <span class='ocrx_word' id='word_1_157' title='bbox 1003 1046 1061 1077; x_wconf 89' lang='lat' dir='ltr'>hoc</span> <span class='ocrx_word' id='word_1_158' title='bbox 1089 1056 1188 1086; x_wconf 84' lang='lat' dir='ltr'>genus</span> <span class='ocrx_word' id='word_1_159' title='bbox 1211 1046 1457 1086; x_wconf 82' lang='lat' dir='ltr'>interpolationis</span> <span class='ocrx_word' id='word_1_160' title='bbox 1481 1050 1528 1077; x_wconf 83' lang='lat' dir='ltr'>est</span> <span class='ocrx_word' id='word_1_161' title='bbox 1550 1047 1589 1078; x_wconf 89' lang='lat' dir='ltr'>ab</span> <span class='ocrx_word' id='word_1_162' title='bbox 1611 1046 1707 1086; x_wconf 87' lang='lat' dir='ltr'>Aldo,</span> <span class='ocrx_word' id='word_1_163' title='bbox 1743 1046 1888 1086; x_wconf 80' lang='lat' dir='ltr'>frequens</span> <span class='ocrx_word' id='word_1_164' title='bbox 1911 1046 1943 1078; x_wconf 89' lang='lat' dir='ltr'>in</span> 
     </span>
     <span class='ocr_line' id='line_1_14' title="bbox 324 1102 1942 1144; baseline -0.001 -8"><span class='ocrx_word' id='word_1_165' title='bbox 324 1106 464 1137; x_wconf 78' lang='lat' dir='ltr'>Medieeo</span> <span class='ocrx_word' id='word_1_166' title='bbox 487 1105 580 1143; x_wconf 78' lang='lat' dir='ltr'>libro,</span> <span class='ocrx_word' id='word_1_167' title='bbox 608 1104 638 1134; x_wconf 89' lang='lat' dir='ltr'>in</span> <span class='ocrx_word' id='word_1_168' title='bbox 660 1113 720 1144; x_wconf 88' lang='lat' dir='ltr'>quo</span> <span class='ocrx_word' id='word_1_169' title='bbox 743 1103 883 1134; x_wconf 79' lang='lat' dir='ltr'>similiter</span> <span class='ocrx_word' id='word_1_170' title='bbox 904 1103 931 1132; x_wconf 92' lang='lat' dir='ltr'>V</span> <span class='ocrx_word' id='word_1_171' title='bbox 953 1102 1007 1142; x_wconf 77' lang='lat'>20,</span> <span class='ocrx_word' id='word_1_172' title='bbox 1031 1103 1049 1134; x_wconf 85' lang='lat'><strong>3</strong></span> <span class='ocrx_word' id='word_1_173' title='bbox 1074 1105 1180 1132; x_wconf 81' lang='lat' dir='ltr'>deiecit</span> <span class='ocrx_word' id='word_1_174' title='bbox 1212 1102 1360 1142; x_wconf 84' lang='lat' dir='ltr'>scriptum</span> <span class='ocrx_word' id='word_1_175' title='bbox 1383 1106 1431 1134; x_wconf 86' lang='lat' dir='ltr'>est</span> <span class='ocrx_word' id='word_1_176' title='bbox 1452 1112 1507 1143; x_wconf 92' lang='lat' dir='ltr'>pro</span> <span class='ocrx_word' id='word_1_177' title='bbox 1531 1104 1668 1133; x_wconf 80' lang='lat' dir='ltr'>detrahit.</span> <span class='ocrx_word' id='word_1_178' title='bbox 1712 1102 1865 1134; x_wconf 87' lang='lat' dir='ltr'>evehendi</span> <span class='ocrx_word' id='word_1_179' title='bbox 1888 1112 1942 1134; x_wconf 86' lang='lat' dir='ltr'>au—</span> 
     </span>
     <span class='ocr_line' id='line_1_15' title="bbox 324 1158 1942 1200; baseline -0.001 -8"><span class='ocrx_word' id='word_1_180' title='bbox 324 1166 385 1193; x_wconf 85' lang='lat' dir='ltr'>tern</span> <span class='ocrx_word' id='word_1_181' title='bbox 407 1162 548 1199; x_wconf 81' lang='lat' dir='ltr'>verbum,</span> <span class='ocrx_word' id='word_1_182' title='bbox 582 1160 664 1200; x_wconf 87' lang='lat' dir='ltr'>quod</span> <span class='ocrx_word' id='word_1_183' title='bbox 686 1160 745 1190; x_wconf 84' lang='lat' dir='ltr'>hae</span> <span class='ocrx_word' id='word_1_184' title='bbox 768 1158 995 1199; x_wconf 83' lang='lat' dir='ltr'>significatione</span> <span class='ocrx_word' id='word_1_185' title='bbox 1018 1158 1119 1189; x_wconf 84' lang='lat' dir='ltr'>nullus</span> <span class='ocrx_word' id='word_1_186' title='bbox 1141 1158 1348 1198; x_wconf 78' lang='lat' dir='ltr'>antiquiorum</span> <span class='ocrx_word' id='word_1_187' title='bbox 1372 1158 1467 1197; x_wconf 84' lang='lat' dir='ltr'>dixit,</span> <span class='ocrx_word' id='word_1_188' title='bbox 1503 1159 1649 1189; x_wconf 87' lang='lat' dir='ltr'>usitatum</span> <span class='ocrx_word' id='word_1_189' title='bbox 1672 1161 1720 1190; x_wconf 89' lang='lat' dir='ltr'>est</span> <span class='ocrx_word' id='word_1_190' title='bbox 1741 1158 1942 1199; x_wconf 82' lang='lat' dir='ltr'>scriptoribus</span> 
     </span>
     <span class='ocr_line' id='line_1_16' title="bbox 324 1214 1943 1258; baseline -0.002 -10"><span class='ocrx_word' id='word_1_191' title='bbox 324 1221 393 1258; x_wconf 80' lang='lat' dir='ltr'>post</span> <span class='ocrx_word' id='word_1_192' title='bbox 415 1217 533 1247; x_wconf 80' lang='lat' dir='ltr'>Livium</span> <span class='ocrx_word' id='word_1_193' title='bbox 557 1216 595 1247; x_wconf 86' lang='lat' dir='ltr'>de</span> <span class='ocrx_word' id='word_1_194' title='bbox 618 1216 655 1247; x_wconf 89' lang='lat' dir='ltr'>iis</span> <span class='ocrx_word' id='word_1_195' title='bbox 678 1226 757 1255; x_wconf 88' lang='lat' dir='ltr'>quae</span> <span class='ocrx_word' id='word_1_196' title='bbox 780 1215 902 1255; x_wconf 81' lang='lat' dir='ltr'>longius</span> <span class='ocrx_word' id='word_1_197' title='bbox 925 1215 964 1245; x_wconf 84' lang='lat' dir='ltr'>dc</span> <span class='ocrx_word' id='word_1_198' title='bbox 986 1215 1054 1245; x_wconf 78' lang='lat' dir='ltr'>loeo</span> <span class='ocrx_word' id='word_1_199' title='bbox 1078 1224 1133 1245; x_wconf 85' lang='lat' dir='ltr'>suo</span> <span class='ocrx_word' id='word_1_200' title='bbox 1156 1214 1404 1254; x_wconf 85' lang='lat' dir='ltr'>progrediuntur,</span> <span class='ocrx_word' id='word_1_201' title='bbox 1428 1214 1494 1245; x_wconf 89' lang='lat' dir='ltr'>Liv.</span> <span class='ocrx_word' id='word_1_202' title='bbox 1508 1214 1619 1245; x_wconf 87' lang='lat' dir='ltr'>XXIX</span> <span class='ocrx_word' id='word_1_203' title='bbox 1639 1215 1689 1253; x_wconf 84' lang='lat'>34,</span> <span class='ocrx_word' id='word_1_204' title='bbox 1715 1215 1752 1246; x_wconf 81' lang='lat'>12</span> <span class='ocrx_word' id='word_1_205' title='bbox 1769 1218 1888 1245; x_wconf 79' lang='lat' dir='ltr'><em>incaute</em></span> <span class='ocrx_word' id='word_1_206' title='bbox 1910 1224 1943 1245; x_wconf 87' lang='lat' dir='ltr'>se</span> 
     </span>
     <span class='ocr_line' id='line_1_17' title="bbox 324 1270 1942 1311; baseline -0.001 -8"><span class='ocrx_word' id='word_1_207' title='bbox 324 1276 470 1303; x_wconf 62' lang='lat' dir='ltr'>evellentes</span> <span class='ocrx_word' id='word_1_208' title='bbox 494 1275 670 1303; x_wconf 79' lang='lat' dir='ltr'><em>Massinissa</em></span> <span class='ocrx_word' id='word_1_209' title='bbox 693 1275 881 1310; x_wconf 52' lang='lat' dir='ltr'>excipiebam</span> <span class='ocrx_word' id='word_1_210' title='bbox 906 1271 983 1301; x_wconf 85' lang='lat' dir='ltr'>Plin.</span> <span class='ocrx_word' id='word_1_211' title='bbox 1007 1281 1055 1311; x_wconf 83' lang='lat' dir='ltr'>ep.</span> <span class='ocrx_word' id='word_1_212' title='bbox 1078 1270 1121 1301; x_wconf 91' lang='lat' dir='ltr'>VI</span> <span class='ocrx_word' id='word_1_213' title='bbox 1146 1271 1198 1307; x_wconf 78' lang='lat'>16,</span> <span class='ocrx_word' id='word_1_214' title='bbox 1222 1271 1241 1303; x_wconf 87' lang='grc'>6</span> <span class='ocrx_word' id='word_1_215' title='bbox 1264 1273 1355 1301; x_wconf 78' lang='lat' dir='ltr'>nubes</span> <span class='ocrx_word' id='word_1_216' title='bbox 1375 1273 1485 1301; x_wconf 80' lang='lat' dir='ltr'>recenti</span> <span class='ocrx_word' id='word_1_217' title='bbox 1504 1274 1611 1309; x_wconf 80' lang='lat' dir='ltr'>spiritu</span> <span class='ocrx_word' id='word_1_218' title='bbox 1634 1276 1751 1307; x_wconf 55' lang='grc' dir='ltr'>(ἔνατα,-</span> <span class='ocrx_word' id='word_1_219' title='bbox 1773 1271 1847 1301; x_wconf 84' lang='lat' dir='ltr'>Tac.</span> <span class='ocrx_word' id='word_1_220' title='bbox 1870 1280 1942 1302; x_wconf 76' lang='lat' dir='ltr'>ann.</span> 
     </span>
     <span class='ocr_line' id='line_1_18' title="bbox 324 1326 1943 1368; baseline -0.001 -8"><span class='ocrx_word' id='word_1_221' title='bbox 324 1330 385 1360; x_wconf 87' lang='lat' dir='ltr'>XII</span> <span class='ocrx_word' id='word_1_222' title='bbox 409 1330 464 1367; x_wconf 70' lang='lat'>363</span> <span class='ocrx_word' id='word_1_223' title='bbox 487 1329 560 1359; x_wconf 85' lang='lat' dir='ltr'>XIV</span> <span class='ocrx_word' id='word_1_224' title='bbox 584 1329 632 1360; x_wconf 73' lang='lat'>52.</span> <span class='ocrx_word' id='word_1_225' title='bbox 676 1328 731 1359; x_wconf 81' lang='lat' dir='ltr'>sed</span> <span class='ocrx_word' id='word_1_226' title='bbox 754 1327 1000 1368; x_wconf 82' lang='lat' dir='ltr'>interpolationis</span> <span class='ocrx_word' id='word_1_227' title='bbox 1023 1326 1233 1367; x_wconf 81' lang='lat' dir='ltr'>suspicionem</span> <span class='ocrx_word' id='word_1_228' title='bbox 1255 1336 1316 1357; x_wconf 90' lang='lat' dir='ltr'>non</span> <span class='ocrx_word' id='word_1_229' title='bbox 1338 1326 1461 1366; x_wconf 85' lang='lat' dir='ltr'>fugiunt</span> <span class='ocrx_word' id='word_1_230' title='bbox 1481 1336 1562 1366; x_wconf 85' lang='lat' dir='ltr'>quae</span> <span class='ocrx_word' id='word_1_231' title='bbox 1586 1326 1616 1357; x_wconf 91' lang='lat' dir='ltr'>in</span> <span class='ocrx_word' id='word_1_232' title='bbox 1638 1327 1666 1357; x_wconf 92' lang='lat' dir='ltr'>A</span> <span class='ocrx_word' id='word_1_233' title='bbox 1688 1329 1871 1366; x_wconf 88' lang='lat' dir='ltr'>sequuntur,</span> <span class='ocrx_word' id='word_1_234' title='bbox 1903 1330 1943 1358; x_wconf 86' lang='lat' dir='ltr'>vi-</span> 
     </span>
     <span class='ocr_line' id='line_1_19' title="bbox 324 1382 1943 1423; baseline -0.002 -7"><span class='ocrx_word' id='word_1_235' title='bbox 324 1389 430 1416; x_wconf 76' lang='lat' dir='ltr'>derunt</span> <span class='ocrx_word' id='word_1_236' title='bbox 452 1388 482 1416; x_wconf 84' lang='lat' dir='ltr'><em>Iu&#39;</em></span> <span class='ocrx_word' id='word_1_237' title='bbox 504 1395 576 1423; x_wconf 78' lang='lat' dir='ltr'>quos</span> <span class='ocrx_word' id='word_1_238' title='bbox 599 1386 812 1415; x_wconf 67' lang='lat' dir='ltr'>excelsioribus</span> <span class='ocrx_word' id='word_1_239' title='bbox 835 1387 921 1413; x_wconf 84' lang='lat' dir='ltr'>terris</span> <span class='ocrx_word' id='word_1_240' title='bbox 942 1386 990 1413; x_wconf 80' lang='lat' dir='ltr'>illa</span> <span class='ocrx_word' id='word_1_241' title='bbox 1014 1388 1168 1421; x_wconf 74' lang='lat' dir='ltr'>tempestas</span> <span class='ocrx_word' id='word_1_242' title='bbox 1190 1393 1247 1413; x_wconf 79' lang='lat' dir='ltr'>uon</span> <span class='ocrx_word' id='word_1_243' title='bbox 1270 1385 1470 1421; x_wconf 77' lang='lat' dir='ltr'>deprehendit.</span> <span class='ocrx_word' id='word_1_244' title='bbox 1513 1393 1586 1413; x_wconf 88' lang='lat' dir='ltr'>nam</span> <span class='ocrx_word' id='word_1_245' title='bbox 1614 1385 1644 1413; x_wconf 86' lang='lat' dir='ltr'>et</span> <span class='ocrx_word' id='word_1_246' title='bbox 1666 1382 1943 1414; x_wconf 85' lang='lat' dir='ltr'>demonstrativum</span> 
     </span>
     <span class='ocr_line' id='line_1_20' title="bbox 326 1438 1942 1482; baseline -0.001 -10"><span class='ocrx_word' id='word_1_247' title='bbox 326 1452 494 1482; x_wconf 77' lang='lat' dir='ltr'>pronomen</span> <span class='ocrx_word' id='word_1_248' title='bbox 517 1444 586 1471; x_wconf 83' lang='lat' dir='ltr'>ante</span> <span class='ocrx_word' id='word_1_249' title='bbox 610 1440 772 1471; x_wconf 79' lang='lat' dir='ltr'>relativum</span> <span class='ocrx_word' id='word_1_250' title='bbox 795 1449 890 1480; x_wconf 83' lang='lat' dir='ltr'>saepe</span> <span class='ocrx_word' id='word_1_251' title='bbox 914 1438 1025 1470; x_wconf 85' lang='lat' dir='ltr'>omittit</span> <span class='ocrx_word' id='word_1_252' title='bbox 1047 1439 1175 1478; x_wconf 80' lang='lat' dir='ltr'>Plinius,</span> <span class='ocrx_word' id='word_1_253' title='bbox 1200 1442 1229 1469; x_wconf 88' lang='lat' dir='ltr'>et</span> <span class='ocrx_word' id='word_1_254' title='bbox 1252 1445 1407 1477; x_wconf 77' lang='lat' dir='ltr'>tempestas</span> <span class='ocrx_word' id='word_1_255' title='bbox 1432 1441 1623 1477; x_wconf 75' lang='lat' dir='ltr'><em>deprehendit</em></span> <span class='ocrx_word' id='word_1_256' title='bbox 1645 1438 1724 1470; x_wconf 86' lang='lat' dir='ltr'>bene</span> <span class='ocrx_word' id='word_1_257' title='bbox 1747 1438 1858 1469; x_wconf 87' lang='lat' dir='ltr'>dicitur</span> <span class='ocrx_word' id='word_1_258' title='bbox 1885 1438 1942 1479; x_wconf 85' lang='lat' dir='ltr'>sic,</span> 
     </span>
     <span class='ocr_line' id='line_1_21' title="bbox 322 1494 1942 1537; baseline -0.001 -10"><span class='ocrx_word' id='word_1_259' title='bbox 322 1501 354 1528; x_wconf 89' lang='lat' dir='ltr'>ut</span> <span class='ocrx_word' id='word_1_260' title='bbox 376 1497 401 1528; x_wconf 91' lang='lat' dir='ltr'>V</span> <span class='ocrx_word' id='word_1_261' title='bbox 426 1498 461 1529; x_wconf 83' lang='lat'>14</span> <span class='ocrx_word' id='word_1_262' title='bbox 487 1497 570 1537; x_wconf 75' lang='grc'>(15),</span> <span class='ocrx_word' id='word_1_263' title='bbox 593 1498 611 1529; x_wconf 75' lang='lat' dir='ltr'>T</span> <span class='ocrx_word' id='word_1_264' title='bbox 641 1507 716 1535; x_wconf 75' lang='lat' dir='ltr'>quae</span> <span class='ocrx_word' id='word_1_265' title='bbox 737 1506 781 1526; x_wconf 80' lang='lat' dir='ltr'>me</span> <span class='ocrx_word' id='word_1_266' title='bbox 804 1502 936 1533; x_wconf 70' lang='lat' dir='ltr'>(tyentem</span> <span class='ocrx_word' id='word_1_267' title='bbox 958 1497 1006 1525; x_wconf 80' lang='lat' dir='ltr'>hic</span> <span class='ocrx_word' id='word_1_268' title='bbox 1028 1499 1145 1525; x_wconf 79' lang='lat' dir='ltr'>nuntius</span> <span class='ocrx_word' id='word_1_269' title='bbox 1169 1496 1381 1533; x_wconf 76' lang='lat' dir='ltr'>deprehendit,·</span> <span class='ocrx_word' id='word_1_270' title='bbox 1416 1494 1490 1525; x_wconf 81' lang='lat' dir='ltr'>VIII</span> <span class='ocrx_word' id='word_1_271' title='bbox 1512 1495 1567 1534; x_wconf 77' lang='lat'>14,</span> <span class='ocrx_word' id='word_1_272' title='bbox 1590 1495 1609 1526; x_wconf 89' lang='grc'><strong>7</strong></span> <span class='ocrx_word' id='word_1_273' title='bbox 1638 1497 1740 1532; x_wconf 78' lang='lat' dir='ltr'>itaque</span> <span class='ocrx_word' id='word_1_274' title='bbox 1760 1497 1885 1525; x_wconf 81' lang='lat' dir='ltr'>reducta</span> <span class='ocrx_word' id='word_1_275' title='bbox 1909 1496 1942 1525; x_wconf 87' lang='lat' dir='ltr'>li-</span> 
     </span>
     <span class='ocr_line' id='line_1_22' title="bbox 323 1549 1944 1591; baseline -0.002 -7"><span class='ocrx_word' id='word_1_276' title='bbox 323 1556 420 1584; x_wconf 75' lang='lat' dir='ltr'>bertus</span> <span class='ocrx_word' id='word_1_277' title='bbox 441 1556 530 1583; x_wconf 80' lang='lat' dir='ltr'>rudes</span> <span class='ocrx_word' id='word_1_278' title='bbox 553 1563 606 1583; x_wconf 79' lang='lat' dir='ltr'>nos</span> <span class='ocrx_word' id='word_1_279' title='bbox 628 1558 656 1582; x_wconf 85' lang='lat' dir='ltr'>et</span> <span class='ocrx_word' id='word_1_280' title='bbox 683 1555 823 1590; x_wconf 80' lang='lat' dir='ltr'><em>inperitos</em></span> <span class='ocrx_word' id='word_1_281' title='bbox 852 1554 1053 1590; x_wconf 63' lang='lat' dir='ltr'>deprehendit.</span> <span class='ocrx_word' id='word_1_282' title='bbox 1097 1551 1296 1591; x_wconf 79' lang='lat' dir='ltr'>negationem</span> <span class='ocrx_word' id='word_1_283' title='bbox 1324 1554 1429 1582; x_wconf 79' lang='lat' dir='ltr'>autem</span> <span class='ocrx_word' id='word_1_284' title='bbox 1457 1560 1518 1582; x_wconf 90' lang='lat' dir='ltr'>non</span> <span class='ocrx_word' id='word_1_285' title='bbox 1545 1550 1645 1581; x_wconf 86' lang='lat' dir='ltr'>minus</span> <span class='ocrx_word' id='word_1_286' title='bbox 1677 1553 1794 1581; x_wconf 87' lang='lat' dir='ltr'>temere</span> <span class='ocrx_word' id='word_1_287' title='bbox 1821 1549 1944 1581; x_wconf 84' lang='lat' dir='ltr'>addidit</span> 
     </span>
     <span class='ocr_line' id='line_1_23' title="bbox 322 1606 1942 1647; baseline -0.002 -7"><span class='ocrx_word' id='word_1_288' title='bbox 322 1609 419 1640; x_wconf 86' lang='lat' dir='ltr'>Aldus</span> <span class='ocrx_word' id='word_1_289' title='bbox 443 1609 483 1640; x_wconf 83' lang='lat' dir='ltr'>VI</span> <span class='ocrx_word' id='word_1_290' title='bbox 510 1609 555 1647; x_wconf 75' lang='lat'>17,</span> <span class='ocrx_word' id='word_1_291' title='bbox 579 1609 599 1640; x_wconf 78' lang='lat'>4</span> <span class='ocrx_word' id='word_1_292' title='bbox 635 1618 693 1638; x_wconf 77' lang='lat' dir='ltr'>uon</span> <span class='ocrx_word' id='word_1_293' title='bbox 720 1615 804 1647; x_wconf 80' lang='lat' dir='ltr'>potes</span> <span class='ocrx_word' id='word_1_294' title='bbox 832 1611 894 1646; x_wconf 75' lang='lat' dir='ltr'>ipse</span> <span class='ocrx_word' id='word_1_295' title='bbox 924 1618 981 1638; x_wconf 82' lang='lat' dir='ltr'>non</span> <span class='ocrx_word' id='word_1_296' title='bbox 1003 1610 1126 1637; x_wconf 75' lang='lat' dir='ltr'>laudari</span> <span class='ocrx_word' id='word_1_297' title='bbox 1146 1617 1203 1647; x_wconf 89' lang='lat' dir='ltr'>pro</span> <span class='ocrx_word' id='word_1_298' title='bbox 1225 1616 1285 1637; x_wconf 82' lang='lat' dir='ltr'>non</span> <span class='ocrx_word' id='word_1_299' title='bbox 1304 1613 1390 1645; x_wconf 85' lang='lat' dir='ltr'>poles</span> <span class='ocrx_word' id='word_1_300' title='bbox 1413 1610 1475 1645; x_wconf 81' lang='lat' dir='ltr'>ipse</span> <span class='ocrx_word' id='word_1_301' title='bbox 1497 1608 1636 1643; x_wconf 83' lang='lat' dir='ltr'>laudari;</span> <span class='ocrx_word' id='word_1_302' title='bbox 1673 1606 1726 1645; x_wconf 78' lang='lat'>25,</span> <span class='ocrx_word' id='word_1_303' title='bbox 1748 1606 1768 1638; x_wconf 82' lang='lat'>4</span> <span class='ocrx_word' id='word_1_304' title='bbox 1804 1616 1842 1636; x_wconf 82' lang='lat' dir='ltr'>an</span> <span class='ocrx_word' id='word_1_305' title='bbox 1876 1616 1942 1637; x_wconf 89' lang='lat' dir='ltr'>cum</span> 
     </span>
     <span class='ocr_line' id='line_1_24' title="bbox 322 1661 1942 1705; baseline -0.001 -10"><span class='ocrx_word' id='word_1_306' title='bbox 322 1669 382 1696; x_wconf 81' lang='lat' dir='ltr'>suis</span> <span class='ocrx_word' id='word_1_307' title='bbox 405 1676 462 1695; x_wconf 78' lang='lat' dir='ltr'>non</span> <span class='ocrx_word' id='word_1_308' title='bbox 487 1667 605 1695; x_wconf 81' lang='lat' dir='ltr'>dubium</span> <span class='ocrx_word' id='word_1_309' title='bbox 627 1674 683 1705; x_wconf 87' lang='lat' dir='ltr'>pro</span> <span class='ocrx_word' id='word_1_310' title='bbox 705 1675 743 1694; x_wconf 84' lang='lat' dir='ltr'>an</span> <span class='ocrx_word' id='word_1_311' title='bbox 768 1675 832 1695; x_wconf 83' lang='lat' dir='ltr'>cum</span> <span class='ocrx_word' id='word_1_312' title='bbox 854 1666 915 1694; x_wconf 77' lang='lat' dir='ltr'>suis</span> <span class='ocrx_word' id='word_1_313' title='bbox 938 1666 1068 1694; x_wconf 79' lang='lat' dir='ltr'>dubium.</span> <span class='ocrx_word' id='word_1_314' title='bbox 1111 1673 1184 1694; x_wconf 80' lang='lat' dir='ltr'>mox</span> <span class='ocrx_word' id='word_1_315' title='bbox 1207 1669 1295 1701; x_wconf 84' lang='lat' dir='ltr'>atque</span> <span class='ocrx_word' id='word_1_316' title='bbox 1316 1665 1463 1701; x_wconf 75' lang='lat' dir='ltr'>culmina,</span> <span class='ocrx_word' id='word_1_317' title='bbox 1491 1671 1572 1702; x_wconf 85' lang='lat' dir='ltr'>quae</span> <span class='ocrx_word' id='word_1_318' title='bbox 1594 1661 1707 1693; x_wconf 83' lang='lat' dir='ltr'>omittit</span> <span class='ocrx_word' id='word_1_319' title='bbox 1729 1661 1774 1702; x_wconf 87' lang='lat' dir='ltr'>M,</span> <span class='ocrx_word' id='word_1_320' title='bbox 1798 1661 1942 1694; x_wconf 80' lang='lat' dir='ltr'>inmerito</span> 
     </span>
     <span class='ocr_line' id='line_1_25' title="bbox 324 1717 1941 1762; baseline -0.001 -10"><span class='ocrx_word' id='word_1_321' title='bbox 324 1726 505 1762; x_wconf 84' lang='lat' dir='ltr'>spreverunt</span> <span class='ocrx_word' id='word_1_322' title='bbox 527 1720 671 1752; x_wconf 82' lang='lat' dir='ltr'>editores.</span> <span class='ocrx_word' id='word_1_323' title='bbox 715 1730 786 1751; x_wconf 86' lang='lat' dir='ltr'>nam</span> <span class='ocrx_word' id='word_1_324' title='bbox 809 1724 842 1750; x_wconf 86' lang='lat' dir='ltr'>ut</span> <span class='ocrx_word' id='word_1_325' title='bbox 864 1723 936 1760; x_wconf 82' lang='lat' dir='ltr'>apte</span> <span class='ocrx_word' id='word_1_326' title='bbox 959 1719 1018 1751; x_wconf 81' lang='lat' dir='ltr'>hoe</span> <span class='ocrx_word' id='word_1_327' title='bbox 1040 1720 1108 1751; x_wconf 89' lang='lat' dir='ltr'>loco</span> <span class='ocrx_word' id='word_1_328' title='bbox 1136 1722 1417 1750; x_wconf 77' lang='lat' dir='ltr'>commemorantur</span> <span class='ocrx_word' id='word_1_329' title='bbox 1445 1718 1580 1750; x_wconf 87' lang='lat' dir='ltr'>culmina</span> <span class='ocrx_word' id='word_1_330' title='bbox 1609 1718 1767 1758; x_wconf 88' lang='lat' dir='ltr'>villarum,</span> <span class='ocrx_word' id='word_1_331' title='bbox 1797 1717 1843 1748; x_wconf 84' lang='lat' dir='ltr'>ita</span> <span class='ocrx_word' id='word_1_332' title='bbox 1870 1727 1941 1758; x_wconf 90' lang='lat' dir='ltr'>pro-</span> 
     </span>
     <span class='ocr_line' id='line_1_26' title="bbox 327 1774 1942 1816; baseline -0.002 -8"><span class='ocrx_word' id='word_1_333' title='bbox 327 1777 436 1809; x_wconf 87' lang='lat' dir='ltr'>babilis</span> <span class='ocrx_word' id='word_1_334' title='bbox 460 1786 555 1808; x_wconf 83' lang='lat' dir='ltr'>causa</span> <span class='ocrx_word' id='word_1_335' title='bbox 575 1786 637 1807; x_wconf 87' lang='lat' dir='ltr'>non</span> <span class='ocrx_word' id='word_1_336' title='bbox 664 1779 725 1815; x_wconf 80' lang='lat' dir='ltr'>est,</span> <span class='ocrx_word' id='word_1_337' title='bbox 758 1786 811 1807; x_wconf 89' lang='lat' dir='ltr'>cur</span> <span class='ocrx_word' id='word_1_338' title='bbox 838 1776 894 1806; x_wconf 81' lang='lat' dir='ltr'>illa</span> <span class='ocrx_word' id='word_1_339' title='bbox 919 1775 1081 1807; x_wconf 76' lang='lat' dir='ltr'>addidisse</span> <span class='ocrx_word' id='word_1_340' title='bbox 1110 1778 1254 1816; x_wconf 84' lang='lat' dir='ltr'>putemus</span> <span class='ocrx_word' id='word_1_341' title='bbox 1276 1775 1405 1815; x_wconf 88' lang='lat' dir='ltr'>Aldum,</span> <span class='ocrx_word' id='word_1_342' title='bbox 1432 1775 1484 1815; x_wconf 89' lang='lat' dir='ltr'>qui</span> <span class='ocrx_word' id='word_1_343' title='bbox 1512 1775 1538 1806; x_wconf 87' lang='lat' dir='ltr'>si</span> <span class='ocrx_word' id='word_1_344' title='bbox 1566 1774 1748 1806; x_wconf 84' lang='lat' dir='ltr'>offendisset</span> <span class='ocrx_word' id='word_1_345' title='bbox 1773 1774 1805 1805; x_wconf 90' lang='lat' dir='ltr'>in</span> <span class='ocrx_word' id='word_1_346' title='bbox 1832 1777 1942 1805; x_wconf 88' lang='lat' dir='ltr'>neutro</span> 
     </span>
     <span class='ocr_line' id='line_1_27' title="bbox 322 1829 1942 1873; baseline -0.002 -10"><span class='ocrx_word' id='word_1_347' title='bbox 322 1836 473 1871; x_wconf 75' lang='lat' dir='ltr'>fluitantia</span> <span class='ocrx_word' id='word_1_348' title='bbox 495 1836 565 1873; x_wconf 89' lang='lat' dir='ltr'>post</span> <span class='ocrx_word' id='word_1_349' title='bbox 587 1835 686 1863; x_wconf 79' lang='lat' dir='ltr'>trabes</span> <span class='ocrx_word' id='word_1_350' title='bbox 708 1832 823 1873; x_wconf 85' lang='lat' dir='ltr'>posito,</span> <span class='ocrx_word' id='word_1_351' title='bbox 847 1832 926 1863; x_wconf 88' lang='lat' dir='ltr'>sicut</span> <span class='ocrx_word' id='word_1_352' title='bbox 948 1832 1048 1863; x_wconf 84' lang='lat' dir='ltr'>visum</span> <span class='ocrx_word' id='word_1_353' title='bbox 1071 1835 1118 1862; x_wconf 89' lang='lat' dir='ltr'>est</span> <span class='ocrx_word' id='word_1_354' title='bbox 1140 1831 1321 1871; x_wconf 83' lang='lat' dir='ltr'>editoribus,</span> <span class='ocrx_word' id='word_1_355' title='bbox 1343 1831 1464 1862; x_wconf 82' lang='lat' dir='ltr'>facilius</span> <span class='ocrx_word' id='word_1_356' title='bbox 1488 1834 1519 1861; x_wconf 89' lang='lat' dir='ltr'>et</span> <span class='ocrx_word' id='word_1_357' title='bbox 1539 1831 1581 1861; x_wconf 86' lang='lat' dir='ltr'>ad</span> <span class='ocrx_word' id='word_1_358' title='bbox 1602 1830 1684 1861; x_wconf 92' lang='lat' dir='ltr'>illius</span> <span class='ocrx_word' id='word_1_359' title='bbox 1705 1829 1856 1861; x_wconf 85' lang='lat' dir='ltr'>rationem</span> <span class='ocrx_word' id='word_1_360' title='bbox 1876 1839 1942 1861; x_wconf 86' lang='lat' dir='ltr'>ma—</span> 
     </span>
     <span class='ocr_line' id='line_1_28' title="bbox 324 1885 1941 1929; baseline -0.002 -10"><span class='ocrx_word' id='word_1_361' title='bbox 324 1889 373 1929; x_wconf 86' lang='lat' dir='ltr'>gis</span> <span class='ocrx_word' id='word_1_362' title='bbox 397 1892 638 1920; x_wconf 81' lang='lat' dir='ltr'>consentaneum</span> <span class='ocrx_word' id='word_1_363' title='bbox 659 1888 715 1919; x_wconf 87' lang='lat' dir='ltr'>fnit</span> <span class='ocrx_word' id='word_1_364' title='bbox 737 1888 874 1919; x_wconf 86' lang='lat' dir='ltr'>scribere</span> <span class='ocrx_word' id='word_1_365' title='bbox 894 1891 1059 1926; x_wconf 53' lang='lat' dir='ltr'>fluitante&amp;</span> <span class='ocrx_word' id='word_1_366' title='bbox 1102 1890 1212 1928; x_wconf 85' lang='lat' dir='ltr'>aperta</span> <span class='ocrx_word' id='word_1_367' title='bbox 1226 1887 1358 1918; x_wconf 90' lang='lat' dir='ltr'>Medicei</span> <span class='ocrx_word' id='word_1_368' title='bbox 1376 1887 1494 1918; x_wconf 87' lang='lat' dir='ltr'>codicis</span> <span class='ocrx_word' id='word_1_369' title='bbox 1517 1886 1695 1927; x_wconf 85' lang='lat' dir='ltr'>corruptela</span> <span class='ocrx_word' id='word_1_370' title='bbox 1717 1889 1764 1917; x_wconf 87' lang='lat' dir='ltr'>est</span> <span class='ocrx_word' id='word_1_371' title='bbox 1785 1885 1817 1916; x_wconf 89' lang='lat' dir='ltr'>in</span> <span class='ocrx_word' id='word_1_372' title='bbox 1837 1885 1941 1926; x_wconf 84' lang='lat' dir='ltr'>proxi-</span> 
     </span>
     <span class='ocr_line' id='line_1_29' title="bbox 323 1941 1942 1984; baseline -0.002 -10"><span class='ocrx_word' id='word_1_373' title='bbox 323 1945 395 1981; x_wconf 77' lang='lat' dir='ltr'>mis,</span> <span class='ocrx_word' id='word_1_374' title='bbox 420 1955 456 1975; x_wconf 78' lang='lat' dir='ltr'>oc</span> <span class='ocrx_word' id='word_1_375' title='bbox 480 1955 516 1974; x_wconf 86' lang='lat' dir='ltr'>ne</span> <span class='ocrx_word' id='word_1_376' title='bbox 539 1947 588 1975; x_wconf 79' lang='lat' dir='ltr'>illa</span> <span class='ocrx_word' id='word_1_377' title='bbox 611 1946 726 1982; x_wconf 79' lang='lat' dir='ltr'>quidem</span> <span class='ocrx_word' id='word_1_378' title='bbox 749 1947 827 1974; x_wconf 81' lang='lat' dir='ltr'>mala</span> <span class='ocrx_word' id='word_1_379' title='bbox 849 1950 1031 1974; x_wconf 79' lang='lat' dir='ltr'>vacaverunt</span> <span class='ocrx_word' id='word_1_380' title='bbox 1053 1953 1146 1982; x_wconf 79' lang='lat' dir='ltr'>quae,</span> <span class='ocrx_word' id='word_1_381' title='bbox 1177 1943 1229 1974; x_wconf 93' lang='lat' dir='ltr'>ubi</span> <span class='ocrx_word' id='word_1_382' title='bbox 1253 1943 1409 1984; x_wconf 85' lang='lat' dir='ltr'>integram</span> <span class='ocrx_word' id='word_1_383' title='bbox 1430 1942 1563 1974; x_wconf 87' lang='lat' dir='ltr'>Aldinae</span> <span class='ocrx_word' id='word_1_384' title='bbox 1586 1941 1731 1973; x_wconf 85' lang='lat' dir='ltr'>editionis</span> <span class='ocrx_word' id='word_1_385' title='bbox 1754 1941 1942 1982; x_wconf 86' lang='lat' dir='ltr'>scripturam</span> 
     </span>
     <span class='ocr_line' id='line_1_30' title="bbox 323 1996 1941 2041; baseline -0.002 -10"><span class='ocrx_word' id='word_1_386' title='bbox 323 2000 465 2041; x_wconf 85' lang='lat' dir='ltr'>accipere</span> <span class='ocrx_word' id='word_1_387' title='bbox 492 2010 553 2031; x_wconf 90' lang='lat' dir='ltr'>non</span> <span class='ocrx_word' id='word_1_388' title='bbox 582 2000 736 2039; x_wconf 85' lang='lat' dir='ltr'>dubitavi,</span> <span class='ocrx_word' id='word_1_389' title='bbox 771 2009 958 2040; x_wconf 83' lang='lat' dir='ltr'>quamquam</span> <span class='ocrx_word' id='word_1_390' title='bbox 987 2002 1148 2030; x_wconf 80' lang='lat' dir='ltr'>ascendere</span> <span class='ocrx_word' id='word_1_391' title='bbox 1174 2009 1243 2030; x_wconf 90' lang='lat' dir='ltr'>cum</span> <span class='ocrx_word' id='word_1_392' title='bbox 1271 1999 1449 2031; x_wconf 87' lang='lat' dir='ltr'>accusativo</span> <span class='ocrx_word' id='word_1_393' title='bbox 1472 2008 1548 2030; x_wconf 86' lang='lat' dir='ltr'>casu</span> <span class='ocrx_word' id='word_1_394' title='bbox 1569 2008 1632 2029; x_wconf 91' lang='lat' dir='ltr'>non</span> <span class='ocrx_word' id='word_1_395' title='bbox 1653 1997 1761 2029; x_wconf 84' lang='lat' dir='ltr'>addita</span> <span class='ocrx_word' id='word_1_396' title='bbox 1780 1996 1941 2038; x_wconf 87' lang='lat' dir='ltr'>praeposi-</span> 
     </span>
     <span class='ocr_line' id='line_1_31' title="bbox 325 2052 1940 2095; baseline -0.001 -9"><span class='ocrx_word' id='word_1_397' title='bbox 325 2056 407 2087; x_wconf 84' lang='lat' dir='ltr'>tione</span> <span class='ocrx_word' id='word_1_398' title='bbox 430 2056 533 2087; x_wconf 83' lang='lat' dir='ltr'>dicere</span> <span class='ocrx_word' id='word_1_399' title='bbox 556 2056 634 2087; x_wconf 78' lang='lat' dir='ltr'>solet</span> <span class='ocrx_word' id='word_1_400' title='bbox 656 2056 789 2095; x_wconf 86' lang='lat' dir='ltr'>Plinius,</span> <span class='ocrx_word' id='word_1_401' title='bbox 811 2056 841 2086; x_wconf 87' lang='grc' dir='ltr'><em>Π</em></span> <span class='ocrx_word' id='word_1_402' title='bbox 865 2057 912 2095; x_wconf 79' lang='grc'>14,</span> <span class='ocrx_word' id='word_1_403' title='bbox 936 2055 1088 2095; x_wconf 78' lang='lat'><strong>831111,</strong></span> <span class='ocrx_word' id='word_1_404' title='bbox 1111 2057 1145 2093; x_wconf 78' lang='lat'>5;</span> <span class='ocrx_word' id='word_1_405' title='bbox 1169 2056 1202 2094; x_wconf 79' lang='lat'>2,</span> <span class='ocrx_word' id='word_1_406' title='bbox 1225 2057 1259 2094; x_wconf 78' lang='lat'>43</span> <span class='ocrx_word' id='word_1_407' title='bbox 1285 2056 1336 2095; x_wconf 85' lang='grc'>16,</span> <span class='ocrx_word' id='word_1_408' title='bbox 1359 2055 1393 2094; x_wconf 65' lang='grc'>8,</span> <span class='ocrx_word' id='word_1_409' title='bbox 1416 2055 1458 2086; x_wconf 90' lang='lat' dir='ltr'>VI</span> <span class='ocrx_word' id='word_1_410' title='bbox 1481 2055 1535 2095; x_wconf 84' lang='lat'>16,</span> <span class='ocrx_word' id='word_1_411' title='bbox 1558 2055 1593 2092; x_wconf 71' lang='lat'>53</span> <span class='ocrx_word' id='word_1_412' title='bbox 1616 2063 1688 2095; x_wconf 85' lang='lat' dir='ltr'>pan.</span> <span class='ocrx_word' id='word_1_413' title='bbox 1711 2054 1745 2093; x_wconf 85' lang='lat'>5,</span> <span class='ocrx_word' id='word_1_414' title='bbox 1767 2053 1802 2092; x_wconf 88' lang='lat'>3;</span> <span class='ocrx_word' id='word_1_415' title='bbox 1827 2052 1882 2093; x_wconf 86' lang='lat'>23,</span> <span class='ocrx_word' id='word_1_416' title='bbox 1905 2053 1940 2092; x_wconf 79' lang='lat'>4;</span> 
     </span>
     <span class='ocr_line' id='line_1_32' title="bbox 324 2108 1942 2152; baseline -0.001 -8"><span class='ocrx_word' id='word_1_417' title='bbox 324 2112 378 2149; x_wconf 81' lang='lat'>59,</span> <span class='ocrx_word' id='word_1_418' title='bbox 401 2112 429 2144; x_wconf 81' lang='lat'>2.</span> <span class='ocrx_word' id='word_1_419' title='bbox 473 2122 544 2143; x_wconf 89' lang='lat' dir='ltr'>nam</span> <span class='ocrx_word' id='word_1_420' title='bbox 579 2112 733 2143; x_wconf 86' lang='lat' dir='ltr'>diversum</span> <span class='ocrx_word' id='word_1_421' title='bbox 766 2122 786 2143; x_wconf 89' lang='lat' dir='ltr'>a</span> <span class='ocrx_word' id='word_1_422' title='bbox 814 2112 940 2152; x_wconf 86' lang='lat' dir='ltr'>reliquis</span> <span class='ocrx_word' id='word_1_423' title='bbox 976 2111 1051 2143; x_wconf 89' lang='lat' dir='ltr'>locis</span> <span class='ocrx_word' id='word_1_424' title='bbox 1080 2115 1128 2142; x_wconf 88' lang='lat' dir='ltr'>est</span> <span class='ocrx_word' id='word_1_425' title='bbox 1155 2111 1237 2151; x_wconf 85' lang='lat' dir='ltr'>quod</span> <span class='ocrx_word' id='word_1_426' title='bbox 1269 2111 1319 2142; x_wconf 90' lang='lat' dir='ltr'>hic</span> <span class='ocrx_word' id='word_1_427' title='bbox 1349 2111 1460 2142; x_wconf 90' lang='lat' dir='ltr'>dicitur</span> <span class='ocrx_word' id='word_1_428' title='bbox 1481 2110 1581 2142; x_wconf 88' lang='lat' dir='ltr'>amnis</span> <span class='ocrx_word' id='word_1_429' title='bbox 1602 2119 1664 2141; x_wconf 91' lang='lat' dir='ltr'>non</span> <span class='ocrx_word' id='word_1_430' title='bbox 1685 2108 1877 2140; x_wconf 86' lang='lat' dir='ltr'>adscendere</span> <span class='ocrx_word' id='word_1_431' title='bbox 1899 2108 1942 2142; x_wconf 85' lang='lat' dir='ltr'>ad</span> 
     </span>
     <span class='ocr_line' id='line_1_33' title="bbox 325 2167 1941 2208; baseline -0.002 -9"><span class='ocrx_word' id='word_1_432' title='bbox 325 2168 409 2199; x_wconf 88' lang='lat' dir='ltr'>edita</span> <span class='ocrx_word' id='word_1_433' title='bbox 429 2169 499 2199; x_wconf 86' lang='lat' dir='ltr'>loca</span> <span class='ocrx_word' id='word_1_434' title='bbox 531 2172 561 2199; x_wconf 86' lang='lat' dir='ltr'>et</span> <span class='ocrx_word' id='word_1_435' title='bbox 588 2168 687 2199; x_wconf 88' lang='lat' dir='ltr'>simile</span> <span class='ocrx_word' id='word_1_436' title='bbox 717 2168 762 2199; x_wconf 88' lang='lat' dir='ltr'>illi</span> <span class='ocrx_word' id='word_1_437' title='bbox 790 2168 872 2208; x_wconf 92' lang='lat' dir='ltr'>quod</span> <span class='ocrx_word' id='word_1_438' title='bbox 894 2167 973 2199; x_wconf 79' lang='lat' dir='ltr'>dixit</span> <span class='ocrx_word' id='word_1_439' title='bbox 994 2177 1065 2208; x_wconf 86' lang='lat' dir='ltr'>pan.</span> <span class='ocrx_word' id='word_1_440' title='bbox 1088 2167 1143 2206; x_wconf 87' lang='grc'>61,</span> <span class='ocrx_word' id='word_1_441' title='bbox 1165 2167 1185 2199; x_wconf 82' lang='lat'><strong>2</strong></span> <span class='ocrx_word' id='word_1_442' title='bbox 1207 2173 1377 2206; x_wconf 75' lang='lat' dir='ltr'><em>quantoque</em></span> <span class='ocrx_word' id='word_1_443' title='bbox 1394 2170 1524 2206; x_wconf 79' lang='lat' dir='ltr'>propius</span> <span class='ocrx_word' id='word_1_444' title='bbox 1546 2168 1587 2197; x_wconf 83' lang='lat' dir='ltr'>ad</span> <span class='ocrx_word' id='word_1_445' title='bbox 1607 2167 1838 2203; x_wconf 70' lang='lat' dir='ltr'>maqnicudinem</span> <span class='ocrx_word' id='word_1_446' title='bbox 1861 2170 1941 2196; x_wconf 84' lang='lat' dir='ltr'>tuam</span> 
     </span>
     <span class='ocr_line' id='line_1_34' title="bbox 325 2220 1938 2264; baseline -0.001 -11"><span class='ocrx_word' id='word_1_447' title='bbox 325 2226 541 2255; x_wconf 77' lang='lat' dir='ltr'>adscenderint.</span> <span class='ocrx_word' id='word_1_448' title='bbox 585 2227 740 2264; x_wconf 81' lang='lat' dir='ltr'>postremo</span> <span class='ocrx_word' id='word_1_449' title='bbox 761 2227 880 2255; x_wconf 76' lang='lat' dir='ltr'>deiectis</span> <span class='ocrx_word' id='word_1_450' title='bbox 902 2223 1046 2264; x_wconf 85' lang='lat' dir='ltr'>praebuit</span> <span class='ocrx_word' id='word_1_451' title='bbox 1066 2223 1114 2263; x_wconf 85' lang='lat' dir='ltr'>M,</span> <span class='ocrx_word' id='word_1_452' title='bbox 1147 2233 1203 2264; x_wconf 89' lang='lat' dir='ltr'>pro</span> <span class='ocrx_word' id='word_1_453' title='bbox 1231 2233 1292 2263; x_wconf 88' lang='lat' dir='ltr'>quo</span> <span class='ocrx_word' id='word_1_454' title='bbox 1320 2233 1381 2254; x_wconf 88' lang='lat' dir='ltr'>non</span> <span class='ocrx_word' id='word_1_455' title='bbox 1410 2226 1495 2254; x_wconf 87' lang='lat' dir='ltr'>recte</span> <span class='ocrx_word' id='word_1_456' title='bbox 1524 2222 1564 2254; x_wconf 89' lang='lat' dir='ltr'>ab</span> <span class='ocrx_word' id='word_1_457' title='bbox 1586 2221 1756 2254; x_wconf 87' lang='lat' dir='ltr'>editoribus</span> <span class='ocrx_word' id='word_1_458' title='bbox 1778 2230 1818 2252; x_wconf 85' lang='lat' dir='ltr'>ex</span> <span class='ocrx_word' id='word_1_459' title='bbox 1839 2220 1868 2251; x_wconf 87' lang='lat' dir='ltr'>A</span> <span class='ocrx_word' id='word_1_460' title='bbox 1890 2229 1938 2251; x_wconf 86' lang='lat' dir='ltr'>re·</span> 
     </span>
     <span class='ocr_line' id='line_1_35' title="bbox 326 2275 1940 2320; baseline -0.001 -10"><span class='ocrx_word' id='word_1_461' title='bbox 326 2284 446 2320; x_wconf 86' lang='lat' dir='ltr'>ceptum</span> <span class='ocrx_word' id='word_1_462' title='bbox 470 2284 516 2311; x_wconf 85' lang='lat' dir='ltr'>est</span> <span class='ocrx_word' id='word_1_463' title='bbox 537 2282 651 2310; x_wconf 75' lang='lat' dir='ltr'>deiecti.</span> <span class='ocrx_word' id='word_1_464' title='bbox 694 2290 766 2311; x_wconf 88' lang='lat' dir='ltr'>nam</span> <span class='ocrx_word' id='word_1_465' title='bbox 787 2280 839 2320; x_wconf 84' lang='lat' dir='ltr'>qui</span> <span class='ocrx_word' id='word_1_466' title='bbox 860 2280 922 2311; x_wconf 87' lang='lat' dir='ltr'>sint</span> <span class='ocrx_word' id='word_1_467' title='bbox 943 2279 1080 2310; x_wconf 88' lang='lat' dir='ltr'>turbines</span> <span class='ocrx_word' id='word_1_468' title='bbox 1102 2279 1236 2310; x_wconf 91' lang='lat' dir='ltr'>nubibus</span> <span class='ocrx_word' id='word_1_469' title='bbox 1265 2279 1379 2310; x_wconf 84' lang='lat' dir='ltr'>deiecti</span> <span class='ocrx_word' id='word_1_470' title='bbox 1406 2278 1459 2309; x_wconf 85' lang='lat' dir='ltr'>vix</span> <span class='ocrx_word' id='word_1_471' title='bbox 1486 2278 1692 2318; x_wconf 87' lang='lat' dir='ltr'>intellegitur,</span> <span class='ocrx_word' id='word_1_472' title='bbox 1725 2276 1783 2308; x_wconf 85' lang='lat' dir='ltr'>sed</span> <span class='ocrx_word' id='word_1_473' title='bbox 1815 2275 1940 2316; x_wconf 84' lang='lat' dir='ltr'>aptissi-</span> 
     </span>
     <span class='ocr_line' id='line_1_36' title="bbox 326 2331 1941 2367; baseline -0.002 -1"><span class='ocrx_word' id='word_1_474' title='bbox 326 2345 407 2366; x_wconf 87' lang='lat' dir='ltr'>mum</span> <span class='ocrx_word' id='word_1_475' title='bbox 430 2339 477 2366; x_wconf 84' lang='lat' dir='ltr'>est</span> <span class='ocrx_word' id='word_1_476' title='bbox 498 2335 539 2366; x_wconf 88' lang='lat' dir='ltr'>ad</span> <span class='ocrx_word' id='word_1_477' title='bbox 561 2336 787 2367; x_wconf 88' lang='lat' dir='ltr'>vehementiam</span> <span class='ocrx_word' id='word_1_478' title='bbox 810 2336 953 2366; x_wconf 89' lang='lat' dir='ltr'>imbrium</span> <span class='ocrx_word' id='word_1_479' title='bbox 975 2334 1213 2366; x_wconf 86' lang='lat' dir='ltr'>describendam</span> <span class='ocrx_word' id='word_1_480' title='bbox 1246 2338 1278 2366; x_wconf 88' lang='lat' dir='ltr'>ut</span> <span class='ocrx_word' id='word_1_481' title='bbox 1309 2335 1400 2367; x_wconf 87' lang='lat' dir='ltr'>simul</span> <span class='ocrx_word' id='word_1_482' title='bbox 1432 2344 1502 2366; x_wconf 90' lang='lat' dir='ltr'>cum</span> <span class='ocrx_word' id='word_1_483' title='bbox 1530 2334 1664 2365; x_wconf 87' lang='lat' dir='ltr'>nubibus</span> <span class='ocrx_word' id='word_1_484' title='bbox 1693 2332 1782 2364; x_wconf 87' lang='lat' dir='ltr'>caelo</span> <span class='ocrx_word' id='word_1_485' title='bbox 1810 2331 1941 2363; x_wconf 85' lang='lat' dir='ltr'>deiectis</span> 
     </span>
    </p>
   </div>
  </div>
 </body>
</html>
