2080 2792
294 971 329 1024 P
333 999 476 1035 ostquam
503 995 673 1036 disputatio
703 995 742 1025 de
773 995 863 1025 Plinii
893 994 1050 1035 epistulis.
1085 1004 1177 1034 quam
1213 994 1371 1035 superiore
1401 1003 1483 1025 anuo
1514 994 1745 1027 inchoavimus,
1781 994 1820 1025 ad

189 1055 311 1083 sextam
333 1051 502 1092 epistulam
525 1051 596 1082 libri
618 1051 715 1091 quinti
739 1050 889 1092 perducta
912 1055 973 1090 est,
1005 1054 1101 1082 restat
1129 1054 1160 1081 ut
1183 1050 1223 1081 de
1245 1050 1345 1081 altera
1367 1054 1470 1090 parte.
1500 1060 1580 1090 quae
1608 1050 1680 1081 inde
1710 1061 1729 1081 a
1753 1060 1820 1091 sep-

188 1107 264 1138 tima
286 1107 357 1138 libri
378 1107 475 1147 quinti
499 1107 634 1147 epistula
656 1117 753 1147 usque
777 1107 818 1138 ad
840 1107 932 1138 tinem
955 1107 1026 1137 noni
1050 1106 1120 1137 libri
1145 1107 1292 1147 pertinet,
1321 1106 1472 1137 dieamus.
1516 1117 1588 1137 nam
1617 1107 1685 1137 libri
1716 1107 1820 1146 singu-

187 1163 262 1194 laris
284 1163 486 1204 epistularum
509 1163 600 1194 Plinii
623 1167 654 1194 et
676 1163 818 1203 Traiani,
843 1164 894 1203 qui
918 1163 1012 1203 vulgo
1037 1162 1176 1194 decimus
1200 1163 1357 1194 numerari
1382 1163 1476 1202 solet.
1500 1163 1625 1194 diversa
1650 1174 1667 1194 a
1693 1163 1820 1203 reliquis

189 1219 325 1250 conditio
357 1224 416 1259 est,
453 1222 619 1260 propterea
648 1219 731 1259 quod
754 1220 821 1250 eius
844 1219 914 1250 libri
938 1219 1012 1250 nulli
1037 1219 1160 1250 cmlices
1186 1229 1279 1250 manu
1303 1219 1409 1259 scripti
1433 1223 1553 1259 extant,
1584 1219 1639 1250 sed
1670 1220 1698 1250 in
1730 1219 1821 1250 editis

189 1276 423 1316 exemplaribus
447 1275 546 1306 omnis
569 1275 647 1306 fides
670 1276 841 1315 scripturae
868 1276 970 1316 posita
994 1281 1050 1306 est.
1095 1284 1190 1315 quare
1214 1275 1255 1306 ad
1278 1275 1363 1306 illum
1389 1275 1467 1306 hane
1491 1276 1705 1314 quaestionem
1729 1276 1821 1316 perti-

189 1342 263 1363 nere
285 1332 449 1363 noluimus.
493 1331 550 1363 sed
580 1332 759 1372 priusquam
790 1332 830 1363 ad
859 1342 894 1363 ea
930 1342 1009 1372 quae
1043 1332 1072 1363 in
1105 1332 1161 1362 liar
1194 1335 1281 1372 parte
1311 1341 1402 1371 quam
1431 1331 1495 1362 dixi
1524 1331 1723 1363 retractanda
1747 1331 1821 1361 mihi

190 1388 336 1429 proposui
379 1388 546 1425 accedam,
583 1388 621 1419 de
657 1388 841 1419 auctoritate
876 1388 1023 1419 librorum
1065 1388 1116 1428 qui
1150 1388 1190 1419 ad
1226 1388 1410 1428 scripturam
1441 1388 1689 1419 constituendam
1720 1388 1820 1428 parati

190 1448 261 1475 sunt
290 1444 456 1475 dicendum
479 1448 534 1475 est.
578 1444 694 1475 idcirco
719 1445 800 1475 enim
825 1454 842 1475 a
866 1445 968 1484 priore
992 1445 1193 1484 epistularum
1218 1448 1305 1484 parte
1329 1444 1408 1475 lianc
1432 1443 1471 1474 de
1504 1454 1565 1483 qua
1593 1444 1730 1475 dicturus
1754 1454 1821 1474 sum

191 1500 264 1531 olim
292 1501 455 1540 separavi,
488 1500 585 1540 quod,
614 1510 683 1531 cum
713 1500 790 1531 hae(-
815 1501 844 1531 iu
868 1500 1046 1531 Florentino
1070 1502 1100 1530 S.
1124 1500 1220 1531 Marci
1245 1500 1352 1531 codiee
1377 1502 1492 1541 scripta
1517 1511 1576 1531 non
1601 1500 1654 1539 ⁵517
1691 1500 1820 1539 reliquo-

191 1566 257 1587 rum
280 1556 375 1587 etiam
396 1556 543 1587 librorum
570 1556 705 1588 rationes
729 1561 894 1587 mutantur.

315 1613 452 1644 Primum
484 1612 579 1653 igitur
607 1613 707 1643 locum
735 1617 767 1643 ut
795 1613 825 1643 in
849 1613 950 1653 priore
974 1618 1060 1652 parte
1085 1613 1127 1643 ita
1156 1613 1185 1642 in
1215 1613 1274 1643 liae.
1297 1613 1361 1643 iure
1386 1613 1503 1644 obtinet
1526 1613 1684 1644 Mediceus
1709 1613 1818 1644 codex.

192 1669 230 1700 de
254 1679 314 1708 quo
337 1678 420 1709 quae
443 1669 475 1699 in
497 1669 656 1709 superiore
679 1669 940 1700 commentatione
963 1668 1046 1699 dieta
1080 1673 1149 1699 sunt
1182 1668 1221 1699 de
1252 1669 1311 1700 hac
1338 1679 1459 1709 quoque
1492 1677 1578 1709 parte
1609 1669 1712 1700 valere
1741 1669 1821 1700 volo.

192 1724 303 1765 reliqui
328 1725 453 1756 codices
476 1725 582 1765 quinto
605 1724 727 1756 decimo
751 1725 876 1756 saeculo
901 1725 1023 1765 scripti.
1056 1725 1106 1764 qui
1137 1729 1246 1756 octavo
1274 1725 1353 1755 libro
1383 1726 1498 1756 omisso
1527 1730 1596 1756 octo
1621 1725 1821 1765 epistularum

192 1781 288 1813 libros
312 1780 485 1820 continent,
509 1782 654 1821 quoniam
680 1791 718 1812 ex
742 1781 927 1821 interpolato
950 1781 1057 1812 codiee
1081 1781 1259 1811 Florentino
1283 1782 1395 1821 corrigi
1420 1792 1479 1812 non
1503 1786 1683 1822 potuerunt,
1714 1782 1755 1812 ita
1779 1781 1821 1811 inr

193 1841 240 1867 ter
268 1847 302 1867 se
332 1837 541 1873 consentiunt,
571 1842 602 1868 ut
631 1847 793 1868 commune
822 1837 1042 1884 archetypum,
1074 1847 1110 1867 ex
1141 1847 1200 1877 quo
1230 1847 1335 1868 omnes
1365 1838 1515 1878 originem
1545 1838 1715 1872 duxerunt,
1747 1838 1822 1868 ‚satis

194 1898 340 1924 accurate
365 1902 549 1933 expressum
573 1903 643 1925 esse
667 1893 828 1934 adpareat.
864 1893 919 1924 sed
949 1893 1043 1923 iidem
1073 1898 1135 1924 tam
1166 1894 1270 1925 multis
1294 1898 1323 1924 et
1346 1898 1408 1925 tam
1432 1894 1580 1934 gravibus
1605 1894 1687 1924 vitiis
1711 1904 1749 1924 ex
1773 1904 1822 1924 ve-

194 1952 259 1980 tere
282 1948 391 1980 codice
414 1949 514 1980 ductis
538 1950 672 1990 corrupti
696 1954 781 1989 sunt,
805 1955 836 1980 ut
860 1959 915 1990 per
937 1960 970 1980 se
989 1949 1113 1989 quidem
1136 1950 1175 1981 ad
1200 1950 1368 1990 genuinam
1393 1951 1577 1991 scripturam
1600 1949 1823 1981 restituendam

195 2014 256 2035 non
278 2005 406 2036 multum
430 2005 599 2036 conferant.
630 2005 739 2037 eadem
769 2010 815 2036 est
839 2006 973 2037 conditio
997 2006 1145 2046 principis
1170 2006 1315 2037 editionis
1339 2016 1377 2037 ex
1398 2006 1501 2046 aliquo
1525 2006 1632 2037 codiee
1657 2006 1745 2037 huius
1769 2016 1822 2045 ge-

195 2060 278 2091 neris
301 2071 481 2102 expressae.
505 2061 636 2092 intanto
660 2062 754 2102 igitur
777 2062 885 2093 horum
908 2062 1055 2093 librorum
1079 2072 1232 2093 consensu
1257 2067 1287 2093 et
1311 2063 1463 2093 communi
1488 2063 1622 2093 omnium
1647 2062 1820 2102 corruptela

196 2116 236 2148 ad
261 2117 470 2149 Drcsdensem
494 2112 645 2158 codt'efflu,
669 2128 729 2158 quo
752 2119 782 2149 in
806 2119 907 2158 priore
931 2122 1018 2158 parte
1043 2119 1245 2159 epistularum
1268 2129 1342 2150 usus
1366 2129 1443 2158 sum,
1468 2124 1497 2149 et
1520 2118 1690 2159 principem
1716 2118 1822 2149 editio>

197 2183 268 2204 nem
291 2173 371 2204 alios
394 2173 534 2205 eiusdem
556 2174 681 2214 generis
704 2174 799 2205 libros
822 2174 973 2206 adhibere
996 2185 1074 2215 opus
1103 2185 1163 2206 non
1191 2175 1255 2206 fuit.
1300 2179 1362 2206 tam
1396 2179 1480 2206 certo
1518 2175 1598 2206 enim
1628 2175 1676 2205 his
1704 2175 1824 2206 duobus

197 2229 237 2260 de
260 2230 571 2261 communiomnium
594 2230 679 2261 fonte
701 2234 836 2269 constat,
861 2234 908 2269 ut,
937 2231 1040 2270 siquid
1062 2232 1093 2262 in
1115 2231 1184 2262 aliis
1208 2231 1321 2262 rectius
1345 2231 1493 2272 seriptum
1516 2231 1571 2268 sit,
1594 2231 1625 2262 id
1649 2231 1731 2271 quod
1755 2241 1823 2262 raro
1846 2264 1847 2267 Ἰ

197 2285 316 2323 evenit,
344 2286 402 2317 hoc
431 2286 628 2317 coniecturae
657 2286 759 2326 potius
790 2287 936 2318 Italorum
964 2286 1160 2318 tribuendum
1194 2297 1288 2327 quam
1317 2297 1356 2318 ex
1379 2291 1484 2319 vetere
1507 2287 1660 2327 scriptura
1683 2290 1822 2328 repeten-

198 2341 271 2371 dum
299 2342 347 2372 sit.
384 2344 476 2382 atque
502 2343 595 2374 etiam
626 2342 773 2383 principis
796 2342 941 2374 editionis
966 2343 1133 2383 scriptura.
1171 2344 1315 2382 quoniam
1340 2353 1408 2374 euni
1436 2343 1603 2374 Dresdensi
1627 2343 1733 2374 codice
1758 2343 1821 2374 fere
