2080 2792
844 332 922 345 -oe-JNN
980 311 1004 356 9
1064 336 1142 349 *v-v,›v..-

178 443 253 472 quos
277 439 308 464 tu
330 436 400 465 talis
428 437 572 465 extiteris.
616 433 696 464 falso
731 432 864 464 Medieei
898 433 1015 465 codicis
1045 434 1228 475 scripturam
1258 439 1383 466 moreris
1412 446 1467 476 pro
1502 440 1636 467 exciteris
1669 438 1807 469 defendit

178 489 313 521 Oortius.
357 489 442 521 nulla
462 490 531 521 laus
554 490 636 521 enim
658 492 786 530 paratur
810 489 944 529 civitati,
977 489 1061 530 quod
1083 491 1113 521 in
1137 500 1176 521 ea
1198 491 1245 522 vir
1267 492 1382 532 probus
1406 495 1557 529 moretur,
1591 493 1648 524 sed
1670 494 1753 533 quod
1776 495 1805 525 in

177 555 216 576 ea
238 545 338 576 factus
363 545 402 576 sit
425 546 550 586 probus.
595 545 666 576 hinc
688 545 821 585 adparet
842 545 906 576 iam
926 555 966 576 ne
990 547 1067 577 satis
1090 546 1217 586 quidem
1239 547 1432 579 auctoritatis
1455 558 1474 579 a
1497 548 1563 579 solo
1588 549 1729 581 Medieeo
1753 550 1805 581 ha-

177 601 250 632 bere
274 601 315 632 VI
338 602 393 641 30,
417 602 435 633 5
461 605 532 632 velle
551 605 709 640 plurimum
730 604 794 632 scio
818 611 872 641 pro
896 605 967 632 velle
987 605 1146 640 plurimum
1169 606 1269 634 credo.

299 658 439 697 Augetur
462 667 535 689 vero
558 657 748 697 ambiguitas
771 657 943 698 scripturae
971 661 1002 689 et
1031 658 1197 690 difficultas
1227 659 1386 691 iudicandi
1416 660 1446 690 in
1476 665 1587 691 octavo
1622 661 1709 692 libro.
1754 663 1803 702 qni

176 712 254 744 liber
277 723 347 744 cum
369 713 400 744 in
424 714 599 745 recentibus
623 713 782 744 codicibus
806 713 940 754 scriptus
964 724 1023 745 non
1047 715 1101 753 sit,
1132 715 1210 746 inter
1232 716 1408 747 Mediceum
1437 716 1576 747 codicem
1606 721 1636 748 et
1658 718 1805 749 Aldinam

176 769 362 805 editionem,
390 769 442 809 qui
471 770 530 801 soli
557 774 654 801 testes
677 769 851 810 scripturae
875 769 972 800 relicti
996 775 1082 810 sunt,
1117 780 1303 811 suspensum
1327 776 1374 803 est
1397 772 1560 812 iudicium,
1597 783 1696 813 neque
1720 779 1805 805 certa

176 825 247 865 lege
270 825 415 856 constitui
438 829 549 866 potest,
574 825 647 866 quid
670 826 701 856 in
724 825 873 856 alterutro
897 825 976 857 libro
999 827 1202 866 neglegentia
1224 832 1254 858 et
1272 828 1510 868 interpolatione
1526 829 1644 860 librarii
1669 830 1715 861 vel
1740 830 1803 861 edi-

176 881 251 912 ton's
274 885 452 922 peecatum,
487 881 562 922 quid
586 892 624 912 ex
648 881 826 921 incorrupta
848 881 999 912 memoria
1022 882 1193 922 profectum
1219 884 1267 914 sit.
1312 894 1383 915 nam
1415 885 1556 924 quamvis
1588 885 1722 917 dubitari
1752 897 1803 917 ne-

176 941 271 978 queat
293 937 365 977 quin
388 937 486 968 maior
509 938 586 969 tides
610 937 757 969 habenda
779 937 819 968 sit
841 937 982 968 Mediceo
1006 938 1105 969 codici
1130 949 1224 978 quam
1247 939 1379 971 Aldinae
1404 941 1548 980 editioni,
1582 942 1678 973 multa
1701 947 1803 973 tamen

174 993 206 1024 in
229 993 282 1025 illo
304 1003 426 1034 quoque.
449 993 559 1024 vitiose
583 994 701 1034 scripta
723 998 808 1033 sunt,
841 1004 922 1033 quae
952 1004 991 1025 ex
1021 1004 1076 1025 suo
1111 994 1218 1026 codice
1249 997 1415 1027 emendata
1447 997 1588 1028 exhibuit
1611 998 1719 1029 Aldus.
1764 1009 1803 1030 ex

177 1059 238 1089 quo
260 1059 375 1090 genere
398 1049 428 1080 in
451 1050 558 1090 primis
581 1053 651 1080 ‚sunt
674 1050 695 1080 ii
719 1049 795 1089 loci,
819 1050 849 1080 in
872 1050 983 1090 quibus
1008 1060 1076 1080 cuni
1101 1050 1152 1081 ille
1175 1051 1295 1083 lacunis
1319 1057 1481 1094 corruptus
1504 1053 1553 1093 sit,
1576 1054 1626 1085 hic
1649 1054 1803 1095 integram

176 1115 278 1145 neque
302 1105 355 1136 ulli
377 1105 563 1137 dubitationi
586 1105 755 1137 obnoxiam
779 1106 964 1146 scripturam
988 1106 1182 1147 suppeditat,
1213 1108 1250 1147 2,
1275 1108 1294 1139 8
1323 1106 1359 1140 ἐν
1390 1109 1426 1140 δὲ
1450 1108 1479 1153 ἰῇ
1502 1113 1576 1153 τιμῇ
1600 1108 1680 1151 ἡμὲν
1703 1112 1802 1148 κακὸς

174 1160 232 1201 ἠδὲ
255 1164 310 1192 καὶ
333 1159 452 1198 ἐσθλός
474 1172 534 1193 om.
559 1163 604 1201 M,
628 1161 700 1193 add.
724 1163 766 1200 A3
792 1166 824 1201 ἶ,
853 1164 862 1193 1
891 1169 920 1192 ut
944 1165 1090 1200 discipulo
1115 1167 1269 1201 maqister,
1293 1175 1361 1194 nam
1384 1171 1415 1195 tu
1439 1169 1597 1203 muqister‚
1619 1177 1672 1204 eqo
1696 1174 1802 1198 contra

175 1217 218 1255 A,
241 1228 309 1247 nam
332 1224 362 1248 ιιι
386 1221 528 1255 muye'ster
550 1229 610 1249 om.
633 1219 677 1257 M3
711 1219 749 1250 14
757 1243 765 1258 ‚
789 1218 828 1250 19
851 1222 901 1256 qui
922 1221 997 1248 haec
1017 1222 1148 1256 sentitis,
1173 1223 1202 1250 in
1224 1222 1303 1251 lianc
1321 1228 1454 1260 partem,
1480 1225 1530 1259 qui
1552 1225 1615 1252 alia
1638 1226 1751 1261 omniu,
1773 1227 1802 1254 in

175 1276 252 1303 illam
273 1280 390 1312 partem
413 1277 451 1304 ile
473 1285 533 1312 qua
556 1278 670 1305 sentitis
692 1275 729 1314 A,
752 1277 781 1304 in
803 1276 882 1305 hanc
905 1293 940 1296 —
958 1278 1072 1305 semilis
1094 1285 1153 1306 0111.
1169 1275 1217 1314 Μ,
1244 1277 1289 1315 15,
1313 1277 1332 1308 2
1354 1279 1481 1308 chartae
1502 1281 1557 1308 emi
1576 1282 1703 1319 possint,
1727 1290 1803 1318 quae

174 1332 200 1360 si
220 1332 350 1360 scabrae
374 1333 526 1361 tabulaeve
547 1334 622 1370 sint,
650 1337 702 1363 out
730 1341 788 1362 non
815 1333 1018 1365 scribendum.
1050 1338 1102 1361 aul
1129 1336 1300 1363 necessario
1331 1336 1478 1371 quidquid
1502 1337 1710 1373 scripserimus
1733 1338 1802 1367 honi

173 1388 280 1415 maline
303 1388 464 1417 deleuimus
486 1388 529 1427 A,
564 1390 690 1418 chartae
722 1390 777 1417 emi
803 1390 919 1425 possint
948 1393 1000 1417 ant
1029 1392 1199 1419 necessario
1229 1392 1377 1427 quidquid
1406 1394 1615 1429 scripserimus
1644 1394 1713 1422 boni
1735 1396 1804 1422 mali

174 1443 338 1472 uidebimus
360 1442 403 1479 Μ;
430 1442 484 1481 16,
508 1445 526 1475 3
550 1453 645 1482 eoque
665 1446 722 1474 sibi
743 1453 867 1480 mayuos
889 1445 1022 1473 homines
1046 1450 1074 1473 et
1094 1447 1245 1483 sapientes
1268 1448 1371 1476 videri.
1416 1450 1466 1484 qui
1491 1457 1530 1476 an
1553 1451 1655 1485 mayni
1676 1452 1800 1486 sapien-

173 1502 274 1534 resque
293 1501 354 1528 sint
375 1503 491 1539 nescio,
515 1501 647 1530 homines
669 1509 727 1529 non
749 1505 818 1529 sunt
839 1499 882 1537 A,
901 1501 1050 1536 sapierzles
1073 1503 1168 1531 videri
1189 1505 1239 1539 qui
1262 1512 1299 1532 cm
1324 1506 1424 1539 muyni
1446 1512 1504 1533 om.
1529 1503 1575 1541 M3
1602 1504 1649 1543 18,
1672 1505 1692 1535 4
1711 1508 1800 1542 filiam

173 1555 345 1592 adoptionis
364 1556 476 1591 fraude
498 1563 701 1595 revocaverat,
724 1557 880 1593 etquidem
897 1565 962 1585 cum
978 1558 1082 1593 opibus
1101 1560 1285 1595 anaplissimis
1299 1559 1334 1597 A,
1358 1564 1386 1588 et
1404 1561 1520 1596 quidem
1537 1570 1601 1590 cum
1619 1563 1724 1598 opibus
1743 1572 1800 1591 (tm-

168 1612 309 1648 plissimis
330 1620 390 1641 om.
413 1611 454 1642 M.
479 1612 632 1643 accedunt
653 1611 717 1643 alia
739 1610 854 1642 diversi
877 1611 1003 1651 generis
1028 1612 1118 1652 vitia,
1143 1613 1173 1643 in
1195 1614 1306 1653 quibus
1330 1624 1390 1645 non
1414 1615 1514 1646 minus
1538 1619 1622 1646 certa
1645 1620 1692 1647 est
1714 1617 1799 1648 Aldi-

171 1675 230 1697 nae
253 1666 398 1698 editionis
422 1668 591 1709 ¹<c1‘ip‘tura,
624 1669 659 1705 6,
683 1669 701 1700 7
731 1670 850 1706 yraiz'or
872 1668 899 1697 A
927 1671 1048 1705 yratiue
1070 1669 1114 1707 M3
1151 1671 1204 1703 14.
1229 1671 1248 1701 4
1277 1676 1343 1700 erat
1366 1678 1463 1701 [uilem
1487 1672 1513 1701 A
1537 1678 1599 1702 erat
1622 1679 1690 1703 ante
1712 1673 1758 1712 M,
1782 1675 1800 1706 7

172 1724 349 1760 suspectaA
376 1726 509 1762 inspecta
522 1725 563 1764 Μ,
587 1724 628 1756 20
650 1726 769 1754 dubium
784 1723 811 1753 A
830 1725 935 1753 durum
950 1723 991 1763 M,
1015 1724 1054 1755 22
1077 1729 1263 1764 conprobata
1280 1727 1307 1757 A
1330 1734 1498 1765 conparata
1520 1728 1560 1767 M,
1584 1728 1623 1759 ib.
1647 1740 1707 1767 qua
1729 1740 1800 1767 erqo

174 1781 291 1808 ratione
304 1780 330 1809 A
344 1790 422 1816 quae
444 1784 560 1811 ratione
573 1781 618 1819 M,
648 1782 691 1820 17,
710 1782 728 1813 3
748 1783 825 1810 Anio
838 1780 865 1809 A
879 1785 947 1809 anie
959 1779 1004 1810 M:
1034 1782 1077 1820 18,
1099 1782 1117 1813 3
1140 1792 1215 1820 quos
1237 1786 1281 1813 sic
1303 1786 1440 1821 decipere
1459 1794 1516 1822 pro
1540 1788 1671 1816 moribus
1693 1792 1799 1824 tempo-

173 1844 238 1864 rum
250 1837 412 1873 prudemia
431 1842 473 1866 est
497 1838 525 1867 A
548 1840 629 1874 quod
650 1841 694 1867 sic
712 1848 770 1875 pro
787 1841 917 1869 moribus
939 1844 1102 1876 temporum
1125 1845 1168 1868 est
1179 1839 1225 1872 M:
1248 1840 1297 1877 21,
1312 1840 1331 1871 3
1353 1843 1491 1870 iucundis
1513 1843 1688 1877 anteferrem
1705 1842 1731 1871 A
1754 1845 1798 1872 iu-

170 1893 275 1920 cundis
296 1894 384 1922 simul
400 1893 510 1927 ferrem
533 1893 579 1932 M,
603 1893 622 1925 6
645 1904 735 1924 consa
759 1897 908 1924 recitandi
932 1895 958 1925 A
981 1905 1074 1925 causa
1097 1897 1286 1925 retractandi
1308 1895 1347 1926 M.
1377 1906 1457 1935 qnae
1480 1897 1605 1936 quidem
1628 1897 1733 1929 omnia
1756 1898 1798 1929 ita

170 1950 341 1986 conparata
372 1952 457 1987 sunt,
496 1953 527 1979 ut
550 1949 581 1979 in
603 1949 641 1980 iis
665 1949 759 1980 etiam
782 1951 922 1990 epistulis
947 1960 1026 1990 quae
1049 1950 1111 1981 iam
1134 1954 1205 1982 ante
1230 1951 1343 1982 Aldum
1367 1952 1469 1983 editae
1494 1957 1581 1984 erant
1605 1963 1679 1984 vera
1701 1954 1797 1994 scrip-

169 2008 253 2044 tura,
290 2005 436 2045 quoniam
470 2005 500 2036 in
534 2005 686 2046 prioribus
722 2007 953 2047 exemplaribus
984 2007 1029 2038 sic
1052 2010 1084 2037 ut
1106 2007 1136 2037 in
1160 2007 1301 2038 Mediceo
1324 2008 1432 2040 codiee
1455 2012 1601 2049 corrupta
1623 2013 1704 2043 erat.
1737 2020 1797 2041 non

169 2061 303 2102 potuerit
324 2061 383 2093 nisi
404 2072 443 2092 ex
466 2071 559 2092 manu
583 2062 698 2102 scripto
720 2062 799 2093 libro
821 2063 894 2103 peti.
937 2067 1045 2094 contra
1072 2063 1276 2103 interpolatae
1309 2064 1340 2094 in
1369 2065 1396 2095 A
1425 2065 1598 2105 scripturae
1629 2065 1707 2096 haec
1742 2076 1795 2106 po-

168 2117 269 2148 suisse
292 2118 437 2158 exempla
459 2117 608 2155 suffic-iat,
640 2122 673 2149 ut
701 2118 819 2150 leviora
841 2128 921 2149 nunc
944 2119 1099 2158 omittam,
1129 2121 1163 2158 6,
1186 2120 1204 2151 5
1235 2130 1289 2151 nec
1312 2124 1435 2159 atpium
1455 2128 1559 2159 postea
1582 2124 1666 2152 curia
1691 2128 1733 2152 est
1755 2122 1795 2161 M,

167 2183 223 2203 nec
244 2176 370 2212 expiata
389 2180 495 2212 postea
518 2184 554 2204 ea
577 2177 688 2204 iniuria
710 2181 752 2204 est
772 2175 815 2214 A,
839 2174 858 2206 9
883 2176 993 2205 Caesar
1015 2178 1077 2213 ipse
1101 2178 1266 2207 advocatus
1291 2184 1364 2207 essee
1389 2177 1434 2216 M,
1473 2180 1586 2208 Caesar
1608 2180 1670 2216 ipse
1689 2184 1795 2216 patro-

167 2239 222 2260 nus
244 2232 307 2267 ipse
330 2232 531 2261 advocaretur
555 2230 596 2267 A;
631 2230 683 2269 14,
708 2230 749 2262 24
770 2240 884 2268 quaero
906 2240 945 2261 un
965 2234 1120 2269 postulare
1143 2234 1300 2263 debuerim.
1346 2235 1591 2270 quemadmodum
1615 2236 1730 2265 obtinui
1751 2235 1791 2272 M,

167 2295 280 2323 quaero
312 2296 351 2316 an
376 2289 532 2324 postulare
565 2288 714 2316 debuerim
748 2297 785 2316 cm
815 2289 974 2319 abstinere.
1018 2290 1264 2325 quemadmodum
1298 2291 1439 2318 abstinuit
1462 2292 1487 2319 is
1509 2290 1550 2327 A;
1580 2290 1627 2328 17,
1651 2290 1671 2322 2
1690 2293 1794 2321 sistere

168 2345 249 2379 cooit
270 2341 314 2380 M,
344 2348 425 2373 retro
447 2345 529 2380 coqit
550 2342 592 2379 A;
628 2342 683 2380 18,
705 2343 724 2373 3
754 2348 785 2373 ιιι
814 2345 865 2380 qm'
893 2345 930 2373 de
958 2349 1046 2381 patre
1078 2353 1135 2374 avo
1164 2353 1280 2382 proavo
1303 2347 1390 2382 quasi
1411 2347 1449 2375 de
1471 2347 1546 2376 orbo
1569 2352 1731 2383 querantur
1752 2346 1792 2383 M,

1397 2400 1416 2422 ·)

1398 2425 1415 2432 ψ
