2080 2792
834 328 1153 374 wll-ws-

184 450 268 492 quod
292 460 331 482 ex
354 450 496 482 Mediceo
519 449 627 481 codiee
655 453 686 480 et
718 449 858 491 principe
888 450 1024 481 editione
1045 452 1230 490 receperunt
1253 449 1405 489 editores,
1434 448 1492 480 sed
1523 451 1698 489 decucurri,
1730 450 1812 490 quod

184 507 302 538 habent
323 507 396 545 DA,
424 505 623 537 scribendum
651 515 721 537 esse
751 505 843 537 docet
865 509 1011 537 constans
1034 505 1127 536 Plinii
1149 515 1223 537 usus
1246 505 1433 546 optimorum
1456 505 1605 536 librorum
1628 506 1812 537 auctoritate

186 562 396 601 confirmatus,
421 562 436 592 Ι
462 564 486 599 1,
508 561 528 593 8
549 565 724 592 accucurrit
765 562 852 593 MVF
869 561 1013 593 Riceard.
1029 561 1066 601 A,
1090 565 1224 592 accurrit
1246 562 1275 592 D
1298 561 1346 593 ed.
1370 571 1432 602 pr.;
1455 561 1470 591 Ι
1492 561 1541 600 14,
1564 562 1583 593 7
1603 565 1794 600 percucurrit
1802 573 1811 598 ;

184 619 231 649 III
253 619 291 658 4,
312 618 331 650 2
353 621 613 653 meracum-issam·
636 617 682 648 III
705 618 734 657 7,
759 618 777 650 2
802 621 991 654 decucurri&
1016 617 1062 648 ΠΙ
1084 617 1139 657 20,
1163 618 1182 650 7
1205 620 1442 648 decucurrerunt
1463 616 1549 648 MVF
1550 617 1595 656 D,
1619 620 1813 648 decurrerunt

183 675 211 706 A
234 675 282 705 ed.
306 684 369 715 p1·.;
393 673 434 704 ad
456 673 539 704 Trai.
563 673 604 706 9ss
627 673 710 714 (97),
734 674 753 705 8
776 676 937 705 decucurri
959 674 1000 713 A,
1037 676 1158 704 decurri
1181 673 1276 705 editio
1299 674 1445 715 princeps
1468 673 1604 704 Avantii.
1640 678 1747 705 contra
1770 674 1812 705 IV

183 731 239 769 17,
263 731 282 762 3
305 733 487 767 occurrerit,
518 730 560 760 IV
582 730 637 768 30,
660 730 679 761 5
702 732 733 760 et
754 729 796 760 VI
819 729 873 769 19,
896 730 931 769 3,
954 740 1026 770 pan.
1050 731 1082 769 5,
1107 731 1126 762 3
1156 733 1303 769 occurrit,
1333 730 1375 760 VI
1398 729 1453 769 34,
1476 729 1496 762 3
1519 734 1732 769 occurrissent,
1756 730 1812 760 VII

185 786 236 826 27,
261 787 280 817 3
303 789 481 817 occurrisse.
525 795 596 816 nani
620 788 780 816 occucurri
801 795 901 825 neque
924 785 1042 817 Plinius
1064 785 1159 825 dixit,
1187 795 1289 826 neque
1319 795 1466 826 umquam
1493 785 1590 816 latine
1618 785 1733 817 dictum
1756 791 1812 817 est.

183 842 216 874 in
239 842 367 882 reliquis
390 842 494 873 verbis
517 851 586 872 cum
608 851 698 872 curro
721 842 892 882 conpositis
914 842 1011 873 multa
1033 842 1191 882 utriusque
1206 842 1325 873 formae
1343 842 1490 882 exempla
1512 845 1542 873 et
1563 851 1662 882 nuper
1683 842 1813 873 collecta

184 902 256 930 sunt
289 908 308 929 a
330 898 431 929 Neuio
454 898 609 929 Formenl.
633 898 663 928 d.
688 898 740 928 lat.
764 898 833 938 Spr.
857 908 885 928 v.
909 898 939 928 Π
964 908 993 938 p.
1018 898 1076 930 361
1100 908 1183 939 sqq.,
1217 901 1248 930 et
1283 901 1355 929 ante
1390 907 1461 929 eum
1494 898 1626 929 collecta
1657 901 1746 929 erant
1773 899 1812 930 ab

184 955 266 994 aliis,
288 964 364 995 quos
388 954 605 985 indicaverunt
627 953 765 985 editores
788 954 943 984 Halenses
966 954 997 984 in
1020 955 1109 986 Voss.
1133 954 1304 986 Aristarch.
1349 954 1395 984 ΠΙ
1422 953 1456 986 19
1478 964 1508 995 p.
1532 953 1602 993 809,
1626 964 1812 995 quamquam

185 1021 249 1043 non
277 1010 447 1049 distinctis,
487 1014 519 1041 ut
552 1010 618 1041 fieri
648 1010 803 1049 debebat,
838 1009 994 1041 aetatibus
1024 1010 1175 1042 sermonis
1205 1014 1235 1041 et
1258 1020 1316 1042 usu
1338 1010 1533 1050 scriptorum.
1577 1010 1609 1041 in
1631 1011 1812 1042 occurrendi

185 1067 281 1098 verbo
304 1070 408 1098 autem
431 1067 493 1098 duo
515 1066 619 1097 afferri
642 1066 734 1097 video
757 1066 913 1106 exempla,
938 1076 1037 1106 eaque
1058 1076 1097 1097 ne
1120 1067 1268 1098 librorum
1290 1066 1416 1106 quidem
1434 1066 1618 1097 auctoritate
1641 1067 1718 1097 satis
1740 1077 1811 1098 con-

185 1123 324 1162 firmata,
359 1123 491 1154 alterum
514 1122 654 1153 Senecae
677 1122 766 1162 epist.
790 1122 865 1162 120,
888 1123 907 1154 3
929 1126 1045 1153 virtutis
1068 1126 1159 1153 alicui
1180 1126 1306 1161 speciem
1329 1133 1401 1153 cusu
1424 1125 1646 1159 occucurrisse,
1670 1123 1751 1162 quod
1774 1133 1812 1154 ex

185 1189 246 1210 uno
276 1179 418 1219 quamvis
448 1179 565 1220 optimo
595 1178 703 1209 codice
732 1178 959 1218 Bambergensi
984 1179 1147 1210 Fickertus
1178 1182 1209 1210 et
1236 1178 1373 1210 Haasius
1406 1182 1602 1219 receperunt,
1633 1178 1665 1209 in
1686 1179 1812 1219 reliquis

184 1235 272 1266 libris
296 1238 465 1265 occurrisse
486 1235 610 1275 legitur.
655 1235 786 1265 alterum
810 1235 988 1276 exemplum
1012 1239 1058 1265 cst
1082 1234 1183 1266 Plauti
1206 1235 1299 1266 Mero.
1334 1234 1348 1265 Ι
1368 1235 1403 1274 2,
1421 1235 1461 1267 87
1484 1237 1552 1265 ilico
1579 1236 1745 1266 Occucurrz'
1768 1242 1811 1266 ut-

186 1302 244 1331 que
266 1295 434 1330 interpello,
457 1294 546 1321 matri
571 1297 597 1321 te
619 1294 757 1322 ancillam
780 1298 850 1322 tuae
873 1294 989 1322 Emisse
1011 1295 1104 1330 illam,
1132 1291 1185 1322 ubi
1209 1294 1329 1322 occurri
1350 1290 1468 1322 habent
1488 1291 1574 1329 libri;
1615 1294 1775 1322 occucurri
1796 1302 1813 1323 e

188 1347 366 1379 coniectura
395 1347 566 1378 Camerarii
591 1347 741 1388 scriptum
772 1350 829 1378 est.
873 1351 905 1378 at
934 1357 972 1378 ne
999 1348 1169 1388 perfeetum
1198 1347 1324 1387 quidem
1351 1350 1474 1388 tempus
1504 1347 1577 1378 ferri
1609 1350 1727 1388 potest,
1757 1348 1814 1379 scd

183 1403 386 1435 scribendum
408 1404 525 1444 potius,
554 1406 622 1434 ilico
648 1406 781 1434 occurro
804 1406 832 1434 ez‘
853 1410 941 1442 atque
963 1407 1128 1441 interpella
1163 1407 1196 1434 ut
1218 1413 1326 1434 versus
1349 1403 1513 1434 addendus
1537 1403 1577 1434 sit
1599 1404 1751 1444 exemplis
1775 1403 1813 1435 de

183 1463 211 1491 is
234 1459 417 1501 pronomine
440 1459 609 1500 conpositis
633 1469 652 1490 a
674 1459 844 1490 Ritschelio
866 1460 930 1490 ind.
954 1460 1022 1491 lect.
1048 1459 1146 1490 Bonn.
1170 1470 1198 1490 a.
1223 1460 1301 1491 1541
1326 1459 1388 1490 hib.
1413 1470 1442 1500 p.
1466 1459 1497 1490 X
1521 1463 1551 1490 et
1573 1470 1593 1490 a
1614 1459 1813 1491 Lachmanno

183 1516 215 1547 in
241 1516 363 1547 Luci-et.
393 1526 423 1556 p.
446 1516 516 1548 162.
548 1516 672 1547 tertium
701 1515 841 1547 eiusdem
868 1516 992 1556 generis
1028 1515 1206 1556 exemplum
1234 1515 1309 1546 addi
1341 1519 1480 1556 poterat,
1516 1515 1651 1547 Phaedri
1676 1516 1721 1546 III
1743 1517 1771 1555 7,
1795 1516 1814 1548 2

184 1574 258 1603 Cani
277 1580 421 1611 perpasto
444 1575 541 1602 macie
563 1575 717 1608 confectus
739 1575 826 1610 lupus
850 1575 939 1602 Forte
961 1575 1150 1609 occucurrit,·
1174 1574 1242 1602 dem
1266 1575 1411 1610 salutans,
1435 1575 1557 1602 invicem
1579 1574 1616 1603 Ut
1632 1575 1814 1611 restiterunt,

183 1631 262 1660 unde
284 1631 343 1664 sic,
367 1638 496 1667 quaeso,
528 1631 625 1659 nites?
653 1638 725 1659 nam
748 1628 793 1659 sic
817 1631 993 1669 corruptam
1018 1628 1160 1659 codicum
1183 1628 1370 1668 scripturam
1390 1630 1469 1664 forte
1491 1632 1624 1659 occurrit
1646 1631 1713 1658 dein
1736 1631 1813 1659 salu-

187 1691 286 1716 tumes
314 1688 435 1715 invicem
468 1684 603 1715 correxit
629 1684 799 1715 Bentleius.
843 1684 900 1715 sed
932 1694 971 1715 nc
1001 1684 1070 1715 huie
1098 1684 1225 1724 quidem
1254 1684 1397 1724 scriptori
1419 1684 1511 1715 istam
1535 1684 1662 1724 perfecti
1684 1684 1814 1715 formam

183 1741 306 1780 tribuo,
330 1741 396 1771 sine
419 1750 481 1780 qua
503 1741 548 1771 sie
570 1740 689 1771 restitui
712 1740 825 1781 poterit
847 1750 970 1779 versus,
995 1744 1127 1772 occurrit
1146 1743 1243 1780 sorte,
1267 1743 1334 1771 dein
1356 1744 1488 1771 salutant
1510 1743 1638 1771 invicem.

310 1796 351 1827 VI
374 1796 408 1835 8,
431 1797 450 1828 5
474 1799 568 1827 Homo
592 1803 635 1827 est
658 1800 746 1827 alieni
769 1799 1050 1835 abstinentissimus,
1085 1800 1132 1827 sui
1155 1799 1294 1834 diliqens,
1327 1799 1412 1827 nullis
1441 1799 1612 1835 quaestibus
1639 1799 1811 1833 sustinetur,

185 1856 282 1884 nullus
304 1856 346 1884 illz'
366 1856 423 1883 nisi
445 1862 484 1883 ex
503 1854 679 1890 fi‘uqalitate
699 1855 822 1884 reditus.
865 1864 933 1884 ntzm
954 1856 1071 1890 studia,
1095 1856 1201 1891 quihus
1220 1856 1378 1891 plurimum
1399 1859 1550 1892 praestat,
1574 1855 1617 1882 ad
1638 1855 1814 1890 voluptatem

186 1915 299 1940 tantum
321 1914 348 1939 et
370 1912 497 1946 qlorz'am
521 1915 650 1940 exercet.
693 1913 796 1947 yrttvz‘s
813 1916 854 1939 es!
876 1913 903 1940 ei
925 1912 970 1940 vel
991 1913 1111 1940 minima
1135 1913 1269 1945 iactura,
1304 1912 1375 1946 quia
1401 1919 1547 1948 reparare
1575 1911 1657 1946 quod
1679 1911 1814 1939 amiseris

186 1968 309 2003 yrcwius
332 1971 384 1995 est.
428 1965 544 2005 scripta
566 1965 645 1996 haec
667 1968 739 1996 smit
761 1965 801 1996 de
823 1965 918 1996 Atilio
938 1965 1115 2003 Crescente,
1139 1975 1193 2006 pro
1217 1974 1277 2005 quo
1300 1965 1376 2005 petit
1398 1965 1516 1996 Plinius
1541 1975 1560 1996 a
1582 1963 1688 1995 Prisco
1711 1965 1811 1996 amico

187 2024 220 2052 ut
243 2021 283 2052 ab
306 2021 422 2052 herede
445 2021 561 2052 Valerii
584 2021 671 2060 Vari,
702 2021 754 2061 qui
783 2021 827 2052 illi
848 2021 1013 2061 pecuniam
1037 2019 1202 2058 debuerat,
1235 2021 1380 2061 impetret
1402 2031 1440 2052 ne
1464 2020 1555 2051 sortis
1577 2020 1627 2051 vel
1650 2030 1812 2051 usurarum

187 2078 338 2108 iacturam
360 2077 473 2108 Atilius
494 2077 598 2108 faciat.
642 2077 700 2108 sed
716 2077 904 2108 intolerabili
921 2077 1013 2108 modo
1028 2077 1065 2107 iis
1080 2086 1159 2117 quae
1177 2075 1216 2107 (le
1233 2077 1412 2116 frugalitate
1429 2081 1460 2108 et
1478 2077 1517 2108 de
1535 2076 1665 2107 modicis
1682 2076 1813 2108 fortunis

187 2133 273 2164 Atilii
297 2133 439 2165 dicuntur
461 2133 644 2174 interposita
666 2136 713 2164 est
735 2133 892 2173 generalis
914 2133 1069 2164 sententia
1091 2136 1161 2171 quia
1184 2143 1330 2170 reparare
1352 2135 1434 2171 quod
1455 2136 1589 2163 amiseris
1611 2135 1734 2170 yrauius
1758 2139 1809 2163 est.

188 2200 260 2221 nam
283 2193 448 2230 postquam
470 2190 632 2230 expositae
655 2192 726 2220 sunt
747 2199 879 2229 causae,
902 2199 956 2220 eur
978 2189 1022 2220 illi
1044 2189 1093 2220 vel
1117 2189 1246 2220 minima
1267 2189 1387 2220 iactura
1408 2188 1559 2230 pecuniae
1582 2187 1687 2228 gravis
1710 2188 1812 2220 futura

189 2249 284 2285 esset,
309 2246 356 2277 his
369 2256 431 2276 non
446 2248 548 2286 potest
564 2246 638 2276 addi
653 2245 730 2276 illud
742 2245 825 2285 quod
847 2246 963 2286 pariter
985 2245 1027 2276 ad
1049 2255 1157 2277 omnes
1180 2244 1323 2286 pertinet,
1345 2245 1521 2285 graviorem
1543 2253 1613 2275 esse
1637 2244 1812 2276 hominibus

188 2311 291 2332 rerum
304 2302 490 2333 amissarum
507 2301 746 2342 reparationem.
774 2301 888 2333 rectius
906 2301 1002 2342 igitur
1015 2301 1162 2332 Barthius
1177 2304 1207 2333 et
1219 2300 1369 2332 Gruterus
1383 2310 1422 2332 ex
1446 2300 1510 2331 suis
1534 2299 1692 2331 codicibus
1715 2301 1811 2342 scrip-

189 2361 296 2389 serunt
318 2360 460 2395 anziserit,
482 2357 566 2398 quod
590 2367 651 2388 non
673 2357 830 2389 debebant
852 2367 999 2398 spernere
1022 2357 1167 2389 editore&
1212 2357 1329 2388 habent
1351 2359 1455 2388 autem
1478 2359 1610 2387 amiserit
1631 2356 1660 2387 D
1683 2356 1731 2387 ed.
1755 2366 1811 2397 pr„
