2080 2792
890 327 1215 373 &low-

241 454 292 488 qui
313 452 350 480 de
369 452 418 481 illo
442 453 484 480 uti
507 451 542 479 de
562 455 650 488 patre
672 458 728 478 avo
747 458 866 487 proavo
888 453 976 488 quasi
998 452 1065 480 orbi
1086 455 1274 488 quaerantur
1294 449 1337 489 A,
1364 450 1398 480 11
1432 459 1500 479 nam
1527 455 1597 479 sunt
1625 458 1722 480 omnes
1747 451 1869 486 fabulae

247 508 346 538 Tullus
367 505 414 545 M,
450 516 515 535 nam
537 511 606 535 sunt
627 508 745 535 venales
768 507 886 536 tabulae
912 508 987 536 Tulli
1008 506 1045 536 A.
1079 509 1144 536 tam
1166 505 1295 546 ancipiti
1318 505 1413 545 igitur
1434 504 1618 536 auctoritate
1641 514 1710 536 cum
1732 505 1815 536 bona
1838 508 1869 537 et

243 562 378 602 genuina
399 571 468 592 cum
490 561 577 592 falsis
599 564 629 591 et
651 561 821 601 suppositis
843 562 942 593 mixta
963 562 1039 601 sint,
1069 561 1196 592 difficile
1219 564 1267 592 est
1288 571 1351 592 uno
1372 570 1494 601 quoque
1518 561 1587 592 loco
1608 564 1693 592 recte
1715 561 1867 602 iudicare,

242 627 322 658 quac
343 617 421 648 tides
443 616 525 648 illius
548 616 724 647 testimonio
747 620 855 649 contra
877 618 1051 649 Mediceum
1074 617 1214 648 codicem
1236 617 1385 648 habenda
1407 617 1454 647 sit.

365 673 506 713 Denique
530 672 560 703 in
583 672 697 703 ultimis
721 673 790 704 libri
813 673 886 705 noni
909 674 1068 714 epistulis,
1102 683 1182 713 quae
1210 673 1242 704 in
1265 673 1408 704 Mediceo
1431 673 1538 704 codice
1561 673 1690 713 desunt,
1720 674 1867 714 quoniam

243 729 342 761 omnis
369 729 447 759 fides
479 728 651 769 scripturae
687 729 718 759 in
747 729 863 761 Aldina
898 730 1034 761 editione
1063 732 1094 760 et
1119 729 1297 761 recentibus
1327 729 1487 760 codicibus
1510 729 1614 770 posita
1637 733 1705 770 est,
1739 733 1869 770 propter

242 785 339 816 multa
361 788 391 816 et
413 785 524 825 gravia
545 785 665 815 illorum
688 785 830 816 codicum
851 786 928 817 vitia
949 786 1120 827 praecipua
1148 795 1218 817 esse
1248 785 1342 816 debet
1363 785 1497 816 Aldinae
1521 785 1665 816 editionis
1687 785 1866 817 auctoritas.

244 845 274 872 et
296 841 327 871 in
349 841 397 871 his
420 850 541 880 quoque
566 841 706 881 epistulis
729 841 802 872 boni
825 842 942 873 codicis
965 842 1081 873 auxilio
1103 841 1243 872 adiutum
1275 842 1372 872 fuisse
1404 841 1555 872 editorem
1577 841 1713 873 maxime
1734 842 1869 883 probant

244 900 329 928 certa
362 896 514 936 quaedam
544 896 742 937 lacunarum,
771 897 882 938 quibus
912 898 955 928 illi
985 899 1121 939 corrupti
1150 902 1237 938 sunt,
1273 898 1500 938 supplementa.
1544 907 1674 937 quorum
1695 898 1774 930 haec
1796 901 1868 930 sunt

244 953 274 984 in
298 963 359 983 una
382 952 515 993 epistula
537 953 699 994 exempla,
732 954 787 993 36,
811 955 830 986 2
852 964 931 984 nunc
951 958 1102 992 pauciora
1125 965 1203 985 nunc
1223 958 1328 993 plura,
1352 960 1383 984 ut
1406 957 1450 984 vel
1472 955 1594 991 difficile
1616 957 1662 984 vel
1680 955 1773 990 facile
1794 964 1867 985 con-

238 1012 314 1048 poni
336 1012 461 1039 tenerive
479 1015 641 1047 potueruut
662 1010 704 1049 A,
735 1020 815 1040 nunc
842 1013 931 1049 plura
960 1013 1006 1040 vel
1026 1013 1150 1048 difficile
1171 1014 1216 1041 vel
1233 1013 1327 1047 facile
1351 1014 1409 1041 ete.
1432 1010 1476 1050 D,
1500 1010 1541 1041 ib.
1565 1020 1643 1048 quae
1661 1013 1867 1047 formaveram

244 1068 335 1096 dicto:
359 1067 421 1094 abit
442 1075 607 1102 rursusque
627 1072 786 1096 revocatur
807 1077 971 1105 rursusque
992 1069 1149 1097 remittitur
1171 1067 1215 1106 A,
1244 1076 1321 1105 quae
1340 1068 1543 1103 formaveram
1566 1073 1727 1097 revocatur
1748 1078 1866 1098 rursus-

244 1131 299 1159 que
322 1123 476 1151 diuzittt'tur
497 1121 541 1160 D,
566 1122 584 1151 3
606 1131 664 1152 non
687 1128 744 1151 tam
768 1126 849 1153 vocis
871 1133 963 1153 causa
987 1134 1073 1160 quam
1095 1125 1241 1154 stomachi
1263 1126 1344 1162 leyo,
1378 1126 1493 1161 pariter
1521 1128 1616 1152 tamea
1646 1129 1674 1152 et
1696 1126 1746 1153 illa
1765 1126 1867 1160 firma-

245 1183 308 1213 tur,
341 1180 444 1207 iterum
480 1179 597 1207 ambulo
620 1178 647 1207 A
655 1202 662 1216 ,
697 1188 754 1209 uon
778 1185 835 1208 lam
860 1182 940 1209 vocis
964 1189 1058 1209 causa
1082 1190 1169 1217 quam
1191 1181 1339 1210 stomachi
1347 1204 1355 1216 ,
1378 1181 1480 1209 iterum
1503 1182 1619 1209 ambulo
1643 1179 1682 1209 D.
1726 1179 1783 1210 sed
1805 1189 1867 1210 non

244 1233 345 1272 magis
368 1233 398 1263 in
422 1233 480 1263 hac
502 1236 589 1272 parte
611 1243 704 1273 quam
727 1234 757 1264 in
780 1235 900 1275 reliqua
922 1235 1027 1266 onmia
1048 1234 1090 1266 ad
1112 1235 1205 1266 tidem
1230 1235 1347 1266 codicis
1367 1235 1481 1266 Aldum
1505 1235 1679 1266 correxisse
1701 1235 1749 1266 vel
1773 1235 1866 1266 inter-

244 1289 451 1329 polationibus
485 1298 519 1319 se
554 1289 742 1321 abstinuisse
775 1291 1032 1322 existimabimus.
1077 1301 1137 1331 quo
1166 1291 1266 1322 refero
1297 1291 1391 1331 haec,
1427 1292 1482 1331 33,
1504 1292 1524 1323 2
1558 1294 1678 1322 adiacet
1699 1294 1868 1329 navigabile

243 1351 389 1382 staffilum,
413 1355 451 1375 ea:
476 1351 520 1379 (et
542 1345 590 1376 ed.
613 1346 673 1385 pr.)
704 1348 761 1376 hoc
783 1350 812 1377 in
836 1350 953 1378 modum
973 1351 1101 1385 fluminis
1123 1351 1304 1378 aestuarium
1327 1348 1355 1378 D
1378 1347 1426 1378 ed.
1450 1358 1514 1388 pr.,
1554 1350 1673 1378 adiacet
1694 1351 1721 1378 ei
1742 1351 1865 1385 nazviqa-

243 1403 298 1431 hile
319 1407 468 1439 staurium,
492 1411 531 1431 ex
553 1412 611 1439 quo
634 1405 662 1431 in
685 1405 801 1433 modum
820 1406 950 1441 fluminis
974 1407 1155 1433 aestuarium
1178 1404 1215 1443 A,
1241 1404 1280 1435 10
1302 1407 1417 1435 occulte
1440 1404 1482 1444 D,
1505 1410 1617 1435 secrete
1638 1405 1683 1441 A;
1706 1403 1755 1443 36,
1778 1404 1797 1435 2
1820 1406 1865 1434 cli-

242 1460 365 1487 mittitur
387 1457 430 1495 l),
454 1461 609 1487 remittitur
631 1458 671 1495 A;
694 1458 743 1498 37,
768 1459 787 1490 3
810 1463 909 1497 operis
931 1466 1091 1490 exactores
1113 1460 1157 1499 D,
1182 1467 1340 1491 exactores
1363 1463 1447 1499 operi
1469 1461 1505 1490 A.

365 1514 466 1552 Supra
488 1513 611 1553 scriptis
634 1514 804 1554 exemplis,
838 1515 917 1545 inter
939 1525 1019 1555 quae
1044 1516 1195 1556 conplura
1224 1516 1263 1547 de
1286 1517 1399 1556 quibus
1421 1516 1495 1547 olim
1517 1526 1578 1546 non
1600 1519 1684 1546 recte
1706 1515 1865 1546 iudicave-

242 1578 307 1599 ram
338 1569 441 1609 posita
469 1572 552 1608 sunt,
582 1569 826 1601 demonstratum
854 1581 924 1602 esse
953 1576 1027 1612 puto
1059 1572 1143 1612 quod
1172 1572 1272 1611 volui,
1300 1572 1331 1603 in
1354 1576 1420 1604 tota
1442 1572 1501 1603 hac
1523 1571 1694 1612 posteriore
1717 1571 1866 1612 epistula—

243 1634 309 1654 rum
333 1628 419 1664 partc
442 1624 534 1655 valde
557 1625 736 1665 ambiguam
765 1636 835 1657 esse
867 1627 1015 1658 librorum
1047 1628 1245 1669 memoriam,
1278 1638 1379 1668 neque
1408 1631 1551 1659 constare
1580 1637 1673 1668 posse
1707 1627 1865 1667 iudicium,

243 1680 301 1711 nisi
324 1683 354 1710 et
375 1690 490 1719 genere
512 1681 668 1721 vitiorum,
697 1692 757 1722 quo
789 1682 904 1723 singuli
927 1683 997 1714 libri
1020 1684 1155 1725 corrupti
1178 1688 1265 1724 sunt,
1296 1688 1461 1725 perspecto
1484 1688 1515 1715 et
1537 1694 1594 1715 usu
1623 1683 1784 1723 loquendi,
1814 1683 1866 1723 qui

246 1736 387 1767 omnibus
412 1736 498 1767 libris
521 1736 636 1767 firmior
657 1741 713 1777 est,
738 1738 904 1779 diligenter
926 1740 1091 1771 observato
1114 1743 1250 1780 regatur.
1295 1741 1357 1772 iam
1380 1741 1464 1772 locos
1487 1740 1649 1781 quosdam,
1672 1739 1723 1779 qui
1746 1739 1865 1780 longio-

243 1801 308 1823 rem
331 1792 569 1833 disputationem
591 1794 762 1834 requirunt,
785 1795 947 1826 subiciam.

367 1848 392 1878 V
414 1848 451 1879 ⁶21.
476 1848 538 1888 (9),
562 1850 580 1880 3
603 1852 682 1880 Illud
700 1853 790 1888 plane
811 1861 868 1881 noa
894 1855 974 1882 triste
997 1855 1105 1889 solum,
1131 1862 1230 1883 verum
1253 1856 1340 1883 etiam
1363 1856 1544 1889 luctuosum,
1576 1855 1659 1890 quod
1679 1856 1773 1884 Julius
1796 1857 1863 1884 Avi-

245 1909 291 1934 tus
312 1905 454 1944 decessit,
478 1907 545 1934 dum
568 1915 606 1935 ear
628 1913 790 1943 quaestura
812 1910 903 1945 redit,
927 1910 1051 1938 decessit
1073 1911 1102 1938 ia
1127 1918 1210 1944 nave,
1230 1912 1341 1947 procul
1362 1919 1380 1939 a
1399 1911 1498 1946 fratre
1521 1912 1736 1948 amantissimo,
1756 1913 1868 1947 procul

245 1969 264 1990 a
286 1966 395 1998 matre,
424 1970 442 1989 a
464 1963 626 1991 sororibus.
670 1962 781 1993 Iulium
804 1963 928 1994 Avitum
951 1964 1002 2004 qui
1027 1963 1086 1995 hoc
1108 1964 1176 1995 loco
1200 1964 1312 1995 dicitur
1335 1964 1492 1996 diversum
1516 1975 1585 1996 esse
1609 1975 1629 1996 a
1650 1965 1739 1996 Iunio
1761 1965 1865 2006 Avito,

246 2015 284 2046 de
308 2016 394 2046 cuius
416 2020 512 2047 morte
534 2017 651 2057 scripta
684 2022 731 2049 est
759 2019 860 2050 octavi
888 2019 958 2050 libri
989 2020 1125 2060 epistula
1146 2020 1295 2051 vicesima
1317 2021 1423 2061 tertia,
1454 2021 1659 2052 adnotaverat
1677 2021 1865 2062 Catanaeus,

246 2080 336 2112 quem
374 2072 483 2112 reliqui
516 2072 650 2103 editores
680 2075 777 2105 secuti
813 2078 892 2106 sunt.
936 2075 992 2107 sed
1022 2086 1103 2116 quae
1132 2076 1163 2107 in
1201 2077 1256 2107 illa
1286 2077 1420 2117 epistula
1449 2077 1488 2108 de
1510 2077 1598 2108 Iunio
1620 2077 1713 2108 Avito
1736 2077 1865 2117 eiusque

246 2131 343 2158 morte
366 2128 503 2158 narrarit
524 2128 640 2159 Plinius
663 2129 708 2160 ita
729 2140 798 2161 cum
821 2131 858 2161 iis
881 2141 962 2171 quae
985 2132 1122 2172 queritur
1143 2132 1174 2163 in
1198 2132 1257 2164 hac
1280 2133 1491 2173 consentiunt,
1519 2136 1553 2164 ut
1575 2132 1709 2164 dubitari
1730 2136 1866 2172 nequeat

246 2183 318 2223 quin
341 2183 379 2214 de
402 2183 510 2214 eodem
534 2184 657 2216 homine
678 2188 807 2226 utraque
829 2187 964 2228 epistula
986 2188 1102 2228 scripta
1123 2188 1172 2219 sit.
1216 2198 1313 2228 quare
1344 2189 1404 2220 hoc
1431 2189 1500 2220 loco
1528 2188 1724 2220 scribendum
1746 2192 1793 2219 est
1814 2191 1864 2219 Iu-

246 2241 312 2269 nius
335 2243 445 2270 Avitus.
489 2250 562 2270 nam
584 2240 623 2271 de
646 2241 723 2272 Iulio
746 2243 839 2273 Avito
861 2243 936 2274 nihil
967 2247 1105 2282 constat3
1140 2244 1173 2275 P.
1198 2245 1275 2275 Iunii
1298 2245 1382 2275 Aviti
1411 2248 1514 2276 autem
1543 2245 1648 2276 titulus
1680 2243 1865 2286 sepulcralis

246 2298 293 2325 est
316 2294 349 2326 C.
373 2295 395 2325 I.
419 2295 456 2326 N.
480 2296 569 2328 7201.

369 2350 409 2381 VI
432 2351 465 2390 6,
488 2352 506 2383 3
541 2355 614 2382 Nam
645 2363 750 2384 rursus
771 2356 842 2385 milti
863 2357 965 2385 videor
986 2358 1111 2386 omnium
1134 2366 1211 2394 quae
1233 2359 1396 2387 decucurri
1417 2358 1608 2387 candidatus.
1650 2366 1712 2387 non
1735 2358 1865 2396 decurri,
