2080 2792
832 308 1135 353 Μ»5,Ν»

170 442 251 464 nunc
279 441 456 472 versamur,
484 431 600 462 Aldina
627 431 722 462 editio
752 441 842 464 suam
872 432 933 463 sibi
960 431 1100 463 vindicat
1122 432 1338 463 auctoritatem
1361 431 1402 462 ad
1422 432 1593 472 genuinam
1615 431 1799 472 scripturam

170 488 423 529 investigandam
445 491 476 518 et
497 487 727 519 stabiliendam.

293 544 401 584 Itaque
432 543 463 574 in
495 543 554 574 hac
583 553 706 584 quoque
733 546 823 584 parte
854 547 916 575 tres
938 547 1048 584 patent
1069 544 1170 575 fontes
1194 543 1382 584 scripturae,
1414 543 1575 574 Mediceus
1603 543 1704 574 codex
1728 543 1797 584 (M),

170 600 285 631 Aldina
308 600 404 631 editio
429 598 513 641 (A),
547 599 672 631 codices
694 599 812 639 Italici,
843 609 974 639 quorum
1002 600 1186 640 scripturam
1214 599 1315 630 codex
1345 599 1536 630 Dresdensis
1557 599 1613 639 (D)
1645 603 1675 630 et
1703 599 1798 631 editio

170 656 316 697 princeps
337 659 507 697 praestant.
531 655 588 686 sed
610 655 658 687 his
680 655 761 686 inter
783 665 816 686 se
835 655 1091 687 dissentientibus
1115 655 1154 687 de
1177 655 1238 686 fide
1263 655 1413 695 cuiusque
1434 655 1505 686 libri
1529 664 1625 695 saepe
1648 655 1799 686 incertum

170 712 318 743 iudicium
354 715 410 743 est.
454 715 485 742 et
517 711 610 751 longe
642 712 812 742 maximam
845 711 971 752 quidem
1001 712 1218 743 auctoritatem
1252 711 1369 742 habere
1400 711 1533 751 adparet
1562 721 1601 742 ea
1625 711 1663 742 de
1687 711 1799 751 quibus

170 778 240 799 cum
261 768 404 800 Mediceo
421 767 528 798 codice
551 767 705 799 consentit
726 767 842 799 Aldina
864 768 968 800 editio.
1002 778 1075 799 nam
1100 768 1131 799 in
1155 768 1346 808 gravissima
1368 767 1539 798 recentium
1562 767 1710 798 librorum
1733 777 1798 798 cor-

168 824 291 865 ruptela
312 824 482 855 innumeris
504 823 582 855 locis
604 824 665 854 MA
687 824 745 855 soli
768 834 875 855 veram
897 824 1083 864 scripturam
1104 828 1321 861 servaver11nt;
1356 833 1425 854 raro
1457 823 1588 863 accidit,
1622 828 1652 854 et
1674 823 1800 863 quidem

170 880 202 911 in
223 880 390 911 levissimis
413 879 601 920 quibusdam
622 880 730 919 rebus,
766 883 799 910 ut
828 880 983 920 integram
1007 881 1192 921 scripturam
1214 880 1245 910 in
1267 880 1330 910 MA
1353 883 1531 920 corruptam
1556 879 1726 910 exhibeant
1748 889 1795 910 re-

171 939 277 967 centes
300 936 385 976 libri,
410 937 476 967 sive
499 946 574 967 casu
598 936 716 976 aliquid
739 936 922 976 antiquioris
944 937 1113 967 memoriae
1136 936 1169 967 in
1190 936 1252 967 illis
1275 935 1394 975 haesit,
1419 935 1485 966 sive
1509 936 1690 966 coniectura
1710 939 1799 967 vetus

170 992 279 1023 vitium
313 995 485 1023 correctum
515 995 570 1023 est.
615 1002 655 1023 ex
682 1002 743 1032 quo
773 1002 889 1032 genere
920 996 991 1023 sunt
1018 992 1096 1023 haec
1123 1002 1225 1033 pauca
1253 1002 1292 1023 ex
1321 992 1454 1032 septimo
1483 991 1686 1032 epistularum
1722 992 1800 1022 libro

172 1048 303 1079 collecta
326 1049 487 1089 exempla,
510 1049 538 1087 3,
562 1049 580 1080 5
604 1050 709 1079 hortor
731 1056 763 1079 ut
784 1051 1025 1079 iucundissimum
1047 1059 1140 1086 qenus
1161 1052 1239 1079 vitae
1260 1058 1319 1078 non
1342 1050 1431 1077 nullis
1453 1051 1597 1078 interdum
1621 1051 1709 1086 quasi
1731 1058 1800 1079 aco-

170 1107 254 1135 ribus
280 1107 424 1136 condias:
455 1107 594 1135 acoribus
615 1105 659 1144 D,
692 1107 862 1135 acrioribus
884 1104 944 1135 MA
967 1105 1015 1136 ed.
1040 1115 1085 1146 pr.
1108 1106 1142 1143 9,
1170 1106 1206 1138 16
1233 1107 1304 1142 quin
1333 1114 1405 1141 erqo
1431 1107 1598 1143 puqillares
1625 1107 1750 1134 resumis
1772 1104 1800 1134 D

171 1161 221 1192 ed.
244 1171 306 1202 pr.:
340 1171 470 1191 resumes
492 1160 540 1200 M,
569 1164 658 1191 sumis
681 1161 718 1191 A.
741 1161 796 1200 25,
821 1161 840 1192 2
871 1164 983 1198 recepit
1010 1171 1041 1191 se
1069 1164 1098 1191 in
1127 1171 1219 1198 aqi-os
1239 1170 1311 1191 suos
1331 1164 1509 1198 paratisque
1531 1163 1695 1191 honoribus
1718 1166 1800 1190 tran-

170 1220 372 1255 quillissimum
396 1220 484 1247 olium
506 1220 650 1254 praetulit
658 1229 666 1247 .·
687 1221 865 1255 paratisque
887 1218 915 1247 D
935 1216 983 1248 ed.
1003 1227 1060 1258 pr.,
1083 1220 1265 1255 spiransque
1286 1216 1327 1256 M,
1349 1220 1538 1255 speransque
1560 1217 1596 1246 A.
1621 1216 1799 1247 coniectura

170 1273 298 1304 inventa
319 1276 390 1304 sunt
411 1273 507 1312 haee,
539 1272 580 1303 VI
605 1274 651 1312 16,
678 1274 714 1304 i?
748 1284 834 1311 quam
864 1274 1015 1313 (noctem)
1045 1280 1142 1304 tamen
1170 1276 1256 1310 faces
1284 1275 1393 1303 multae
1420 1276 1567 1310 zvar-taque
1588 1276 1699 1303 lumina
1721 1276 1800 1302 sola-

172 1332 300 1360 bantur:
327 1332 517 1367 solabantur,
545 1329 628 1369 quod
651 1339 671 1360 a
692 1329 797 1360 Cortio
825 1339 948 1369 quoque
970 1330 1129 1361 inventum
1151 1332 1182 1360 et
1204 1329 1356 1369 exemplis
1383 1328 1608 1369 conprobatum
1629 1332 1691 1368 est,
1721 1328 1797 1368 legi-

169 1389 219 1416 tur
239 1386 272 1416 in
292 1385 400 1416 codice
423 1385 631 1416 Laurentiano
653 1386 702 1418 47.
726 1386 775 1418 34.
800 1386 841 1417 ib.
865 1387 920 1425 23,
944 1387 964 1418 4
997 1391 1040 1416 est
1061 1388 1169 1416 indolis
1193 1389 1337 1423 optimae,
1373 1387 1454 1415 brevi
1483 1387 1690 1423 producturus
1711 1388 1798 1424 alios,

171 1445 198 1472 si
220 1444 336 1472 interim
359 1444 525 1479 productus
543 1443 637 1477 fuerit
658 1453 677 1471 a
699 1444 804 1473 nohis:
831 1445 998 1481 productus
1023 1442 1066 1481 1),
1087 1448 1248 1480 provectus
1269 1441 1329 1472 MA
1352 1441 1400 1472 ed.
1424 1452 1469 1482 pr.
1493 1441 1560 1472 sine
1583 1450 1679 1471 causa
1701 1441 1797 1472 Medi-

173 1498 220 1529 cei
242 1497 358 1528 codicis
382 1501 412 1528 et
434 1497 567 1528 Aldinae
590 1497 734 1529 editionis
758 1499 944 1539 scripturam
966 1501 1150 1538 spreverunt
1172 1497 1308 1528 editores
1332 1497 1358 1527 V
1380 1498 1409 1536 8,
1436 1498 1473 1528 14
1506 1499 1580 1527 illud
1607 1503 1676 1536 peto
1708 1507 1798 1535 prae-

170 1560 297 1589 sternas,
320 1557 361 1584 acl
383 1556 465 1591 quod
486 1555 626 1591 hortaris,
651 1557 801 1593 elususque
821 1557 983 1592 materiam,
1007 1553 1060 1584 ubi
1076 1553 1174 1594 vulgo
1192 1563 1233 1584 ex
1250 1553 1390 1594 principe
1409 1553 1545 1584 editione
1569 1557 1599 1584 et
1621 1553 1798 1584 recentibus

173 1609 332 1641 codicibus
352 1616 530 1647 praestruas
551 1614 711 1651 receptum
734 1614 790 1642 est.
834 1610 917 1650 quod
939 1613 1023 1641 reete
1046 1610 1107 1641 dici
1136 1609 1175 1641 de
1198 1609 1418 1651 praeparando
1440 1619 1502 1640 non
1524 1619 1623 1649 nego,
1656 1619 1798 1650 praeser—

171 1666 227 1697 tim
249 1676 318 1696 cum
342 1669 498 1696 adstruere
518 1676 574 1707 pro
597 1670 760 1705 odiunqere
782 1667 960 1706 frequenter
983 1666 1118 1697 dixerint
1140 1670 1170 1697 et
1192 1666 1311 1696 Plinius
1335 1670 1364 1696 et
1386 1665 1553 1705 aequales:
1583 1665 1620 1696 ef.
1644 1665 1797 1696 Holstein.

174 1722 212 1754 de
235 1723 314 1753 Plin.
338 1721 410 1753 min.
435 1722 544 1753 elocut.
568 1733 597 1763 p.
606 1723 660 1754 2⁴2:
690 1723 747 1754 sed
767 1728 962 1762 praesternas
984 1722 1123 1753 defendit
1144 1732 1216 1763 pan.
1241 1722 1290 1762 31,
1317 1725 1329 1753 l
1353 1731 1449 1752 nonne
1470 1724 1656 1758 inunifestum
1681 1728 1736 1758 est,
1760 1725 1798 1752 si-

174 1781 246 1817 quid
268 1781 386 1809 aduersi·
407 1781 510 1818 cadat,
545 1782 603 1809 tuis
625 1782 766 1810 laudibus
789 1783 903 1816 tuisque
925 1781 1080 1809 uirtutibus
1103 1781 1257 1808 materiam
1281 1788 1477 1816 campumque
1496 1781 1666 1816 praesterni
1678 1781 1705 1814 1³,
1746 1778 1798 1809 ubi

174 1844 229 1876 pro
248 1837 407 1873 prosterni,
430 1834 514 1874 quod
536 1838 584 1865 est
604 1835 637 1866 in
659 1835 828 1875 codicibus,
852 1838 935 1866 recte
954 1837 1127 1873 praesterni
1149 1834 1273 1875 scripsit
1294 1834 1428 1874 Lipsius.

298 1891 562 1922 Dissentientibus
584 1891 664 1922 inter
686 1901 719 1922 se
741 1891 883 1922 Mediceo
906 1891 1013 1922 codiee
1036 1894 1067 1922 et
1088 1891 1203 1922 Aldina
1225 1890 1371 1930 editione,
1394 1890 1447 1921 ubi
1470 1889 1634 1920 aMedicei
1658 1890 1798 1930 partibus

176 1950 258 1978 stant
280 1947 391 1987 reliqui
413 1946 553 1987 codices,
577 1947 608 1978 in
630 1947 877 1988 interpolationis
901 1947 1110 1988 suspicionem
1132 1947 1240 1978 incidit
1262 1946 1371 1986 Aldus,
1395 1945 1580 1986 praesertim
1601 1946 1628 1977 si
1650 1945 1681 1976 in
1705 1946 1797 1978 editis

175 2007 247 2034 ante
271 2013 341 2034 eum
365 2003 597 2044 exemplaribus
620 2004 731 2035 eadem
754 2004 907 2044 scriptura
928 2004 1091 2043 invenitur,
1115 2007 1147 2034 ut
1169 2003 1247 2034 haec
1271 2002 1373 2043 potius
1396 2012 1489 2042 quam
1511 2002 1652 2033 codicem
1674 2005 1798 2034 secutus

176 2069 247 2090 esse
270 2059 496 2091 existimandus
519 2059 567 2098 sit,
591 2059 634 2090 VI
655 2060 704 2099 25,
728 2060 747 2091 4
770 2063 879 2090 utinam
901 2070 937 2090 ne
960 2063 989 2090 in
1013 2061 1147 2090 Robusto
1171 2062 1246 2090 idem
1269 2069 1324 2100 pro
1346 2065 1378 2088 ut
1399 2069 1436 2088 ne
1458 2062 1486 2088 in
1509 2060 1641 2088 Robusto
1663 2060 1797 2096 quidem;

176 2116 230 2155 31,
254 2116 272 2147 3
304 2118 446 2146 innoxiae
467 2119 680 2154 popularitatis
702 2126 757 2156 pro
780 2119 902 2147 innoxie
922 2119 1101 2154 popularis;
1136 2116 1177 2146 ib.
1203 2116 1240 2147 13
1273 2118 1385 2152 coques
1414 2124 1469 2155 pro
1497 2117 1664 2152 coqitares3
1694 2114 1734 2145 ib.
1761 2115 1798 2146 15

177 2175 260 2202 cuius
282 2175 312 2202 in
332 2175 399 2202 sinu
420 2177 526 2210 portus
548 2174 623 2202 velut
646 2174 896 2210 amphitheatrum
918 2181 974 2213 pro
993 2175 1077 2202 cuius
1098 2175 1127 2202 in
1150 2175 1216 2202 sinu
1230 2174 1264 2207 fit
1286 2181 1352 2213 curn
1374 2173 1501 2201 maxime
1519 2176 1626 2209 portus
1633 2181 1644 2206 ;
1668 2170 1726 2214 VII
1749 2170 1797 2210 10,

177 2227 197 2260 3
219 2231 269 2266 qui·
291 2239 348 2266 quo
371 2231 486 2259 nomine
508 2234 665 2258 accusetur
687 2230 830 2258 incertum
853 2234 895 2258 est
916 2238 972 2268 pro
995 2231 1046 2266 qui
1067 2238 1107 2258 an
1131 2230 1246 2258 omnino
1269 2232 1426 2257 accusetur
1448 2230 1589 2257 incertum
1611 2232 1661 2256 est.
1685 2235 1724 2256 ex
1747 2235 1797 2257 eo-

179 2283 251 2314 dem
272 2294 389 2324 genere
411 2288 482 2315 sunt
505 2285 599 2315 etiam
622 2284 715 2323 haec,
745 2284 788 2315 VI
812 2284 866 2323 19,
889 2284 909 2315 4
941 2286 1074 2320 deforme
1096 2286 1277 2322 arbitratus,
1309 2289 1338 2313 ut
1366 2289 1446 2321 erat,
1480 2285 1621 2314 honorem
1650 2285 1798 2321 petituros

177 2342 277 2370 urbem
300 2343 479 2379 Italiamque
499 2351 557 2372 non
577 2350 633 2380 pro
655 2343 776 2378 patria,
805 2343 860 2370 sed
878 2350 936 2378 pro
959 2342 1086 2378 hospitio
1109 2345 1160 2369 aut
1181 2342 1297 2370 stabulo
1321 2343 1408 2377 quasi
1424 2342 1654 2378 pereqrinantes
1676 2340 1797 2368 habere.
