2080 2792
923 330 1250 375 «112200,

274 460 378 489 autem
402 455 585 488 socialitatis
608 453 719 485 dicitur
741 453 870 485 comitas
899 457 930 484 et
957 452 1130 484 liberalitas
1159 461 1267 483 omnes
1288 455 1447 491 tamquam
1470 450 1572 482 socios
1595 451 1750 482 communi
1771 451 1895 482 vinculo

273 513 494 554 complectens.
516 530 558 534 —
599 509 669 541 Non
701 509 803 540 minus
838 519 953 541 novum
982 513 1029 540 est
1058 508 1140 548 quod
1167 508 1260 539 unius
1282 507 1417 538 Medicei
1439 506 1557 538 codicis
1577 507 1762 538 auctoritate
1784 507 1896 548 scripsi

272 573 454 609 inqloriosus
477 578 533 609 pro
556 569 714 605 inylorz'uS,
738 565 784 595 IX
805 565 861 605 26,
884 566 904 597 4
925 567 992 595 ideo
1014 574 1202 602 nequaquam
1219 574 1281 602 por
1302 565 1516 601 qzrbernatoris
1537 568 1580 593 est
1601 565 1708 600 virtus,
1743 573 1808 594 cum
1828 566 1894 602 pla-

275 630 343 658 cido
367 632 395 657 et
417 636 483 656 cum
505 625 622 654 turbam
645 624 722 652 mari
742 623 876 659 rehum,-
911 628 979 652 {unc
1013 622 1183 650 admirante
1211 622 1290 649 nullo
1319 621 1492 650 inlaudatus
1525 621 1706 656 inqloriosus
1727 622 1805 650 subit
1824 629 1896 658 por-

276 688 346 713 tum.
390 681 474 722 quod
495 678 675 710 defensione
698 687 791 717 egere
813 677 915 716 video,
938 680 1105 717 propterea
1118 675 1200 715 quod
1221 675 1377 706 adjectiva
1399 675 1431 705 in
1453 684 1522 706 osus
1545 674 1711 706 terminata
1732 684 1803 706 raro
1826 684 1895 706 cum

276 741 306 769 in
329 737 482 779 privativo
502 734 662 776 conposita
685 737 764 764 sunt.
809 733 918 764 Cicero
941 732 1065 773 quidem
1087 741 1181 762 unum
1203 730 1308 772 posuit
1328 733 1525 768 inofficiosus,
1555 740 1595 761 ex
1618 731 1896 762 iureconsultorum

273 803 349 833 usu,
373 797 406 824 ut
429 792 565 830 videtur,
588 793 746 830 receptum
770 789 811 820 ad
833 790 895 820 Att.
918 788 996 819 XIII
1017 788 1067 827 27,
1089 788 1121 818 111
1143 787 1229 818 Verr.
1253 790 1313 818 act.
1337 796 1398 818 sec.
1422 787 1436 817 Ι
1457 787 1507 826 42,
1532 786 1600 819 107.
1635 790 1826 826 inportuosus
1848 787 1893 818 (11-

275 853 388 881 xerunt
410 847 576 880 Sallustius
600 847 666 885 Iug.
690 846 738 884 17,
763 845 882 876 Plinius
902 854 932 875 n.
955 844 984 875 h.
1008 844 1050 874 IV
1073 843 1127 882 12,
1150 843 1206 881 73,
1237 843 1353 874 Plinius
1376 843 1465 883 epist.
1489 843 1531 873 VI
1554 843 1603 882 31,
1627 844 1666 875 17
1699 846 1767 874 litus
1795 846 1893 882 inpor-

280 912 394 936 tnosum
421 907 640 941 (inaestuosum
661 900 730 942 M),
753 901 880 932 Tacitus
903 910 974 932 ann.
998 899 1060 930 ΧΠ
1082 899 1142 938 20,
1170 899 1292 930 Seneca
1313 908 1397 930 cons.
1423 899 1463 930 ad
1485 899 1575 930 Helv.
1598 899 1627 939 7,
1650 899 1684 937 83
1715 899 1825 930 vitavit
1847 899 1896 930 Ci-

278 971 349 993 cero
372 961 414 992 ad
434 963 508 992 tam.
532 959 574 990 VI
595 958 653 997 21,
677 960 693 989 1
720 963 841 996 praeter
864 959 1064 994 naviyatz'onis
1091 958 1199 993 lonqae
1225 961 1253 985 et
1279 957 1412 985 hiemalis
1441 961 1469 985 et
1496 958 1613 986 minime
1631 961 1798 994 portuosae
1816 958 1897 993 peri-

275 1020 363 1049 cula:
385 1017 587 1053 infructuosus
610 1013 783 1045 Columella
803 1013 850 1044 XI
873 1012 908 1051 2,
933 1012 990 1051 32,
1021 1011 1139 1042 Plinius
1162 1021 1210 1052 ep.
1234 1011 1320 1051 VIII,
1343 1010 1399 1051 23,
1423 1011 1457 1049 6,
1480 1011 1546 1042 alii:
1582 1014 1770 1049 inreligiosus
1792 1011 1897 1042 Livius

277 1074 305 1105 V
325 1074 376 1113 40,
399 1073 455 1113 10,
479 1071 596 1102 Plinius
620 1079 667 1110 ep.
694 1069 736 1099 IV
759 1070 786 1107 1,
809 1070 842 1106 ὃς
866 1069 911 1099 IX
934 1069 987 1107 35,
1014 1069 1046 1099 1:
1080 1070 1283 1098 inambitiosus
1305 1067 1435 1099 Ovidius
1457 1071 1529 1098 met.
1553 1067 1600 1098 XI
1621 1067 1691 1100 765.
1735 1067 1829 1108 paulo
1852 1066 1896 1098 (11-

274 1139 401 1161 versum
426 1129 465 1159 ab
488 1127 536 1158 his
559 1129 607 1157 est
628 1127 809 1163 incuriosus,
840 1134 900 1165 quo
929 1133 1003 1155 usus
1033 1127 1080 1155 est
1102 1123 1221 1154 Plinius
1253 1133 1301 1164 ep.
1324 1123 1398 1154 Vm
1420 1123 1477 1162 20,
1502 1124 1536 1163 1,
1569 1123 1696 1164 saepius
1719 1123 1845 1154 Tacitus
1868 1126 1899 1154 et

276 1185 339 1216 alii.
372 1185 463 1226 plura
485 1182 639 1214 inferioris
662 1181 774 1212 aetatis
798 1181 965 1221 scriptores
988 1180 1184 1219 induxerunt,
1207 1182 1388 1210 instudiosus
1402 1179 1553 1220 Apuleius
1575 1179 1656 1219 apol.
1680 1189 1705 1212 c.
1728 1179 1770 1211 40
1791 1189 1821 1220 p.
1838 1178 1899 1211 299

277 1241 374 1280 Elm.,
409 1244 584 1270 inactuosus
604 1237 732 1269 Servius
754 1237 785 1267 in
808 1236 900 1277 Verg.
924 1237 1002 1267 Aen.
1025 1235 1072 1266 ΠΙ
1093 1236 1152 1268 587
1177 1239 1207 1266 et
1229 1235 1422 1275 Augustinus
1452 1235 1490 1266 de
1519 1235 1576 1266 civ.
1607 1235 1658 1266 dei
1681 1235 1724 1266 IV
1749 1235 1800 1271 16;
1835 1238 1897 1265 ina-

277 1307 387 1335 quosus
424 1295 634 1327 Tertullianus
673 1293 713 1324 de
749 1293 833 1333 bapt.
864 1294 896 1331 1,
931 1295 1102 1330 incopiosus
1140 1291 1221 1322 idem
1261 1291 1300 1322 de
1341 1291 1433 1322 ieiun.
1465 1292 1498 1330 5,
1541 1294 1726 1329 inflexuosus
1761 1291 1898 1322 Isidorus

277 1352 354 1393 orig.
377 1352 438 1382 XII
460 1352 496 1390 4,
518 1351 558 1383 26
602 1354 632 1381 ct
661 1359 700 1380 ex
728 1349 787 1379 hoc
817 1349 912 1389 gloss.
936 1348 1004 1379 Vat.
1039 1348 1130 1389 (Mai.
1153 1347 1245 1378 class.
1268 1351 1347 1378 auct.
1370 1357 1398 1377 v.
1423 1347 1465 1377 VI
1486 1357 1516 1387 p.
1540 1347 1614 1385 528)
1643 1350 1825 1385 inflexuosus
1849 1350 1899 1385 qui

277 1417 334 1438 non
352 1411 483 1446 flectitur
499 1408 539 1443 *).
583 1405 640 1437 sed
661 1405 786 1435 omnino
808 1405 839 1435 in
861 1404 1038 1435 nominibus
1061 1413 1130 1434 cum
1152 1406 1182 1433 in
1213 1403 1425 1444 conponendis
1453 1403 1587 1444 plurima
1608 1406 1801 1435 novaverunt
1824 1412 1897 1444 poe-

280 1467 332 1495 tae
355 1471 523 1503 eorumque
546 1462 723 1502 exemplum
746 1461 843 1492 secuti
867 1460 1055 1501 posteriores
1079 1459 1258 1498 scriptores,
1289 1464 1319 1490 et
1340 1459 1424 1499 apud
1446 1459 1579 1490 Plinium
1601 1469 1723 1500 quoque
1746 1459 1844 1490 multa
1867 1459 1899 1489 111

279 1519 340 1551 hoc
362 1528 479 1560 genere
501 1518 551 1549 vel
573 1517 772 1557 singulariter
794 1516 878 1548 dicta
899 1516 949 1547 vel
971 1525 991 1547 a
1012 1520 1151 1547 veterum
1172 1525 1231 1546 usu
1253 1515 1356 1546 aliena
1378 1519 1464 1554 sunt,
1498 1515 1512 1546 I
1534 1516 1589 1555 20,
1613 1516 1651 1548 17
1680 1518 1895 1554 inperspz‘cuus,

277 1575 325 1606 IX
348 1575 403 1615 10,
428 1575 447 1607 3
470 1578 657 1611 inamoenus,
680 1573 709 1603 ΙΙ
733 1574 788 1611 14,
811 1573 844 1611 2;
868 1572 909 1603 VI
936 1574 985 1610 13,
1009 1572 1040 1609 2;
1070 1571 1143 1602 VH]
1165 1571 1214 1611 21,
1238 1571 1256 1603 3
1279 1574 1464 1607 inreverens;
1493 1571 1539 1602 ΙΠ
1562 1573 1590 1611 1,
1614 1571 1633 1603 2
1655 1574 1801 1611 indecem,
1826 1580 1897 1611 pan.

280 1631 330 1671 49,
352 1632 371 1664 3
395 1634 579 1665 inaccessus,
602 1639 673 1670 pan.
697 1628 747 1668 ὃὸ,
770 1629 788 1661 3
811 1632 993 1659 inoffensus.
1037 1628 1068 1658 111
1090 1631 1177 1658 tanta
1198 1627 1293 1668 igitur
1314 1627 1520 1658 recentiorum
1543 1627 1728 1668 scriptorum
1750 1631 1781 1658 et
1802 1627 1900 1667 ipsius

279 1687 372 1718 Plinii
393 1686 520 1717 licentia
541 1695 570 1716 v.
593 1688 774 1723 inyloriosus
796 1694 918 1725 quoque
946 1684 975 1715 ei
1002 1683 1199 1714 tribuendum
1228 1687 1290 1721 est,
1319 1692 1506 1723 quamquam
1534 1686 1659 1724 praeter
1686 1683 1768 1714 hunc
1798 1683 1900 1714 locum

280 1753 341 1774 non
372 1742 494 1774 invenio
522 1743 703 1781 usurpatum
725 1740 785 1771 nisi
808 1740 912 1771 infima
934 1744 1052 1778 aetate,
1082 1739 1178 1779 gloss.
1201 1739 1299 1770 Labb.
1327 1742 1506 1777 inyloriosns
1533 1739 1671 1776 ἄδοξος,
1704 1739 1799 1780 gloss.
1829 1739 1897 1770 Vat.

282 1799 368 1839 (Mai.
392 1799 484 1830 class.
507 1800 587 1828 auct.
610 1807 638 1827 v.
662 1797 704 1827 VI
726 1807 756 1837 p.
779 1796 864 1831 528).
887 1796 1003 1827 Arnob.
1027 1805 1136 1826 comm.
1159 1795 1191 1826 in
1213 1795 1324 1836 psalm.
1349 1796 1409 1828 130
1431 1798 1478 1826 ille
1499 1798 1690 1833 inoloriosus,
1714 1805 1770 1826 nos
1792 1805 1808 1826 e
1830 1804 1900 1826 con-

281 1858 373 1885 trario
395 1857 527 1893 gloriosi.

354 1965 381 1997 *)
400 1964 506 1990 Nullam
526 1963 715 1990 auctoritatem
738 1961 821 1988 habet
839 1963 985 1993 inotioms,
1008 1960 1081 1994 quod
1102 1960 1187 1993 vulgo
1206 1960 1305 1994 legitur
1324 1959 1431 1991 Quintil.
1469 1960 1507 1986 XI
1527 1961 1555 1991 3,
1579 1960 1628 1987 183
1647 1968 1695 1985 nec
1715 1963 1847 1985 inutiliter
1866 1967 1900 1986 επ

283 2017 391 2040 Graecis
410 2020 514 2039 veteres
532 2015 734 2039 transtulerunt
754 2013 826 2044 quod
845 2012 879 2036 ab
897 2013 930 2036 iis
948 2016 1083 2042 sumptum
1101 2013 1207 2036 Laenas
1227 2012 1346 2043 Popilius
1364 2013 1463 2043 posuit,
1483 2018 1539 2036 esse
1557 2012 1627 2035 hanc
1645 2012 1790 2035 inotiosam
1811 2012 1898 2035 actio—

283 2072 351 2091 nem.
387 2072 450 2090 nam
470 2071 520 2097 pro
539 2066 683 2088 inotiosam
702 2062 729 2088 111
749 2062 844 2088 codice
863 2061 1004 2092 Bernensi,
1029 2060 1055 2086 in
1080 2068 1133 2093 quo
1159 2067 1212 2086 uno
1236 2057 1319 2086 fidem
1342 2060 1494 2093 scripturae
1519 2061 1546 2086 in
1568 2060 1620 2086 hac
1645 2063 1723 2093 parte
1744 2060 1902 2091 Quintiliani

283 2114 401 2147 positam
422 2122 483 2140 esse
503 2121 588 2146 nuper
605 2112 801 2139 demonstravit
821 2111 943 2137 Halmius
962 2114 1036 2136 nunt.
1058 2110 1137 2136 acad.
1157 2110 1261 2136 Monac.
1282 2118 1306 2136 a.
1329 2111 1395 2137 1866
1419 2118 1445 2143 p.
1466 2111 1516 2137 493
1537 2118 1612 2144 sqq.‚
1637 2110 1700 2136 item
1726 2110 1752 2135 iu
1773 2109 1901 2136 Bamber—

285 2164 376 2198 gensi,
406 2172 519 2197 quorum
544 2163 673 2189 librorum
697 2162 858 2196 scripturam
883 2169 988 2187 mecum
1008 2160 1217 2186 communicavit
1237 2160 1371 2191 Halmius,
1406 2161 1535 2194 seriptum
1564 2164 1605 2187 est
1632 2168 1776 2186 mot-osam.
1814 2168 1902 2193 neque

285 2217 359 2241 certo
378 2214 432 2240 dici
451 2217 555 2247 potest,
583 2221 637 2246 quo
663 2212 799 2240 vocabulo
818 2211 939 2244 Popilius
959 2210 1094 2237 notaverit
1113 2210 1248 2236 actionem
1268 2210 1349 2236 nimio
1370 2214 1449 2244 gestu
1469 2211 1606 2242 vitiosam,
1629 2217 1709 2243 quam
1729 2209 1902 2243 reprehendit

285 2263 473 2295 Quintilianus.
510 2263 558 2290 scd
577 2266 728 2297 inotiosam,
749 2262 822 2296 quod
841 2261 933 2288 nescio
953 2268 1007 2294 quo
1027 2260 1108 2286 modo
1127 2268 1176 2293 pro
1190 2267 1290 2294 graeco
1310 2260 1446 2286 vocabulo
1465 2259 1588 2294 ἄσχολον
1607 2259 1708 2286 dictum
1729 2268 1789 2286 esse
1809 2260 1901 2286 volue-

285 2317 348 2340 runt
366 2314 533 2347 interpretes,
556 2317 628 2340 certe
647 2321 701 2340 non
721 2313 795 2338 dixit.
820 2312 937 2338 fortasse
956 2317 1094 2337 actuosam
1113 2309 1226 2341 dixerat,
1247 2313 1275 2336 ut
1295 2310 1325 2335 τὸ
1346 2309 1540 2344 ὑποκριτικόν,
1563 2310 1587 2336 h.
1601 2317 1623 2336 e.
1640 2310 1774 2336 actionem
1794 2309 1901 2336 histrio-

285 2363 373 2390 nalem
393 2363 427 2389 ab
447 2364 570 2390 oratione
589 2363 717 2395 alienam,
738 2362 913 2396 exprimeret:
934 2361 967 2387 cf.
988 2361 1043 2388 Cic.
1063 2360 1098 2386 de
1116 2367 1155 2386 or.
1175 2360 1211 2386 III
1231 2361 1279 2389 26,
1301 2361 1360 2387 102.
1397 2361 1472 2387 Paul.
1492 2360 1563 2387 Fest.
1583 2368 1610 2394 p.
1631 2361 1663 2387 17
1684 2360 1726 2387 ed.
1748 2360 1835 2387 Muell.
