2080 2792
821 316 899 329 “a
957 293 1010 339 23
1068 317 1146 330 w

236 357 249 371 l

288 416 334 447 IX
355 416 405 456 33,
428 417 446 448 5
475 418 589 447 Natam
615 420 713 454 pueri,
748 420 824 447 inter
852 418 906 447 lios
937 419 999 452 ille,
1033 418 1088 446 sed
1116 419 1241 447 cautius.
1286 417 1442 455 delphinus
1470 426 1575 446 rursus
1598 418 1640 445 ad
1662 420 1784 454 tempus,

165 483 270 503 rursus
292 475 334 503 ad
352 482 477 512 puerum
499 476 586 502 venit.
626 473 706 510 ficqit
728 475 775 503 ille
797 482 862 503 cum
884 475 999 503 ceteris.
1043 473 1214 510 delphinus,
1248 475 1335 510 quasi
1362 475 1462 502 invitet
1483 477 1511 502 et
1532 477 1666 509 revocet,
1696 475 1787 510 exilit,

166 531 308 566 meryitur
330 531 489 566 variosque
512 530 599 558 orbes
621 531 766 566 inplicita!
788 530 975 566 expetiitque.
1019 530 1124 558 narrat
1147 527 1266 559 Plinius
1299 527 1438 559 fabulam
1468 527 1507 558 de
1536 527 1702 568 delphino,
1737 528 1790 568 qui

169 594 266 626 puero
288 584 330 615 ad
351 585 505 616 coloniam
528 584 763 625 Hipponensem
784 583 905 615 natanti
928 593 998 615 cum
1019 583 1131 614 ceteris
1152 583 1257 624 pueris
1280 587 1311 614 et
1332 584 1456 625 longius
1478 583 1510 614 in
1531 593 1618 615 mare
1641 587 1789 624 provecto

168 640 300 672 occurrit
322 650 453 680 eumque
475 644 564 681 tergo
589 640 725 680 suscepit
747 644 778 671 et
799 640 831 671 in
852 640 948 671 altum
970 639 1110 680 protulit,
1144 649 1217 670 mox
1248 639 1290 670 ad
1315 639 1387 671 litus
1409 639 1543 671 reduxit.
1588 640 1722 671 eundem
1744 640 1789 671 lu-

167 697 241 728 dum
263 696 338 728 dicit
359 700 483 737 postero
506 696 558 727 die
581 700 612 727 et
634 696 774 737 pluribus
797 696 945 736 deinceps
967 695 1077 727 diebus
1099 695 1265 736 repetitum
1288 705 1367 727 esse.
1412 696 1468 727 sed
1496 696 1528 726 in
1556 695 1604 727 his
1634 706 1714 736 quae
1738 706 1788 727 su-

167 763 224 794 pra
247 752 358 793 scripsi
380 753 512 793 primum
539 762 609 783 eum
632 752 746 783 Aldina
767 752 903 783 editione
925 751 1093 783 delendum
1123 755 1170 783 est
1199 755 1288 791 venit,
1326 751 1409 792 quod
1437 752 1518 783 male
1552 752 1592 783 ab
1620 752 1790 784 editoribus

166 812 325 850 receptum
347 811 395 839 est
417 818 457 839 ex
479 812 624 849 corrupta
646 808 799 849 scriptura
826 807 997 839 recentium
1028 807 1170 839 codicum
1199 811 1230 838 et
1263 808 1413 849 principis
1438 808 1583 839 editionis
1607 811 1650 838 ad
1664 818 1791 846 puerum

164 867 244 903 fuqie
266 868 344 895 uenit
362 874 438 903 puer
456 866 537 902 fayit
559 867 604 894 ille
626 875 690 895 cum
714 867 821 895 ceteris
843 866 987 903 delphinis
1009 867 1096 902 quasi
1117 867 1175 895 etc.
1210 863 1323 895 deinde
1347 864 1457 895 eodem
1479 864 1560 895 Aldo
1584 868 1711 895 auctore
1734 875 1790 905 pro

168 924 270 951 invitet
291 926 318 951 et
339 926 459 952 revocet
484 920 683 951 scribendum
717 924 764 952 est
786 923 885 951 invitet
906 925 1033 951 revocet.
1077 922 1240 960 utrumque
1276 920 1359 951 enim
1391 924 1421 952 et
1450 920 1670 952 consuetudini
1698 921 1790 952 Plinii

171 981 415 1008 consentaneum
438 980 468 1007 et
490 976 531 1007 ad
552 976 737 1008 brevitatem
760 981 791 1007 et
813 976 1002 1007 celeritatem
1025 976 1227 1016 narrationis,
1267 986 1360 1016 quam
1392 976 1450 1007 hoc
1472 976 1540 1008 loco
1562 977 1714 1017 sequitur,
1737 988 1791 1018 ap-

170 1033 325 1064 tissimum
347 1036 403 1064 est.
437 1032 494 1063 sed
524 1036 685 1071 inplicitac,
716 1032 799 1072 quod
821 1033 949 1064 verbum
972 1042 1011 1063 ex
1034 1032 1093 1063 hoc
1116 1042 1176 1063 uno
1199 1033 1268 1064 loco
1290 1033 1321 1063 in
1342 1033 1446 1063 lexica
1466 1036 1626 1074 receptum
1649 1036 1706 1071 est,
1730 1044 1791 1064 non

174 1089 250 1120 satis
272 1089 346 1120 fidei
368 1088 464 1120 habet
486 1088 526 1119 ab
550 1088 664 1119 Aldina
688 1088 833 1120 editione.
876 1089 908 1119 in
930 1088 1088 1119 codicibus
1113 1089 1194 1119 enim
1218 1092 1248 1119 et
1270 1089 1301 1119 in
1323 1089 1463 1129 principe
1486 1088 1621 1120 editione
1645 1090 1792 1130 seriptum

171 1148 219 1176 est
241 1148 372 1183 inplicat,
407 1144 517 1176 eodem
539 1144 613 1175 vitio
636 1148 740 1175 autem
762 1144 1021 1185 frequentativum
1044 1145 1173 1175 verbum
1193 1155 1250 1186 pro
1273 1145 1407 1186 simplici
1428 1145 1532 1186 posuit
1552 1145 1651 1175 Aldus
1673 1145 1719 1176 IX
1742 1146 1791 1186 13,

170 1201 212 1232 20
232 1203 276 1231 ila
297 1203 451 1232 vocitabat
472 1210 528 1241 pro
551 1204 592 1231 ila
616 1203 753 1231 vocabat.
776 1219 814 1223 —-
859 1202 888 1239 §.
911 1201 930 1233 6
959 1203 1092 1231 Maxime
1116 1211 1192 1239 puer
1214 1204 1264 1239 qui
1283 1204 1397 1240 primus
1419 1207 1558 1240 expertus
1580 1207 1624 1232 esc
1645 1203 1792 1232 adnatan-

171 1260 207 1287 τίς
230 1259 322 1287 insilit
343 1263 442 1295 ceryo,
463 1259 560 1293 fertur
581 1258 778 1295 referturque.
822 1256 966 1287 Sichardi
989 1257 1066 1288 haec
1089 1257 1266 1288 coniectura
1288 1260 1336 1288 est
1357 1267 1397 1288 ex
1428 1260 1574 1298 corrupta
1596 1257 1739 1288 codicum
1763 1262 1793 1291 et

171 1312 320 1354 principis
344 1313 488 1344 editionis
511 1313 673 1354 scriptura,
697 1315 865 1343 adnotandi
887 1316 977 1343 insili!
998 1323 1069 1351 erqo
1083 1313 1120 1352 D,
1145 1316 1303 1344 adnalanli
1326 1316 1414 1357 ἰηξὶῖὶί
1436 1323 1507 1351 erqo
1530 1313 1578 1344 ed.
1602 1324 1659 1354 pr„
1683 1314 1789 1354 petita.

172 1378 272 1408 neque
296 1368 430 1400 Aldinae
453 1369 597 1400 editionis
620 1369 773 1410 scriptura
804 1371 927 1399 adnatat
950 1373 1034 1400 nanti
1057 1372 1145 1400 insilit
1167 1376 1249 1407 {erqo
1289 1378 1329 1399 ex
1360 1373 1465 1400 vetere
1494 1369 1601 1401 codice
1639 1379 1791 1410 expressa

173 1433 242 1456 esse
266 1424 402 1463 videtum
437 1425 493 1456 sed
514 1430 548 1456 ut
580 1434 676 1465 saepe
698 1425 796 1456 Aldus
821 1425 937 1455 codicis
960 1425 1144 1465 scripturam
1166 1435 1235 1456 cum
1258 1425 1296 1456 iis
1318 1435 1397 1465 quae
1422 1429 1493 1456 ante
1516 1435 1586 1456 eum
1608 1425 1693 1457 edita
1714 1426 1792 1457 fere-

173 1480 286 1511 bantur
308 1481 482 1521 coniunxit,
505 1481 549 1512 ita
571 1481 629 1512 hoc
650 1481 720 1512 loco
742 1481 940 1522 participium
963 1491 1002 1512 ex
1024 1481 1165 1522 principe
1189 1481 1324 1512 editione
1346 1481 1467 1513 videtur
1487 1482 1661 1513 retinuisse.
1706 1482 1792 1523 inep—

173 1540 238 1567 tum
260 1540 365 1568 autem
387 1541 418 1568 et
440 1538 480 1568 ab
502 1537 592 1569 huius
614 1537 800 1568 nana-tionis
823 1537 975 1568 brevitate
997 1537 1133 1569 alienum
1155 1537 1187 1568 in
1209 1541 1338 1577 utraque
1361 1538 1515 1578 scriptura
1530 1541 1577 1569 est
1593 1538 1793 1579 participium

173 1592 212 1624 de
235 1593 394 1634 delphino,
418 1593 459 1624 ad
481 1603 572 1634 quem
586 1603 663 1634 puer
685 1593 823 1634 adnatat,
847 1594 971 1625 dietum.
1015 1603 1112 1634 quare
1134 1603 1195 1625 non
1219 1593 1325 1625 dubito
1347 1593 1421 1634 quin
1445 1594 1644 1626 scribendum
1667 1594 1707 1625 sit
1730 1605 1792 1625 ma-

174 1651 257 1680 xime
276 1659 352 1688 puer
373 1653 423 1688 qui
442 1653 555 1688 primus
578 1656 717 1689 expertus
739 1656 782 1681 est
804 1652 944 1687 adnatat,
968 1653 1055 1680 insilit
1077 1655 1166 1688 leryo.
